2764 3288
1080 370 1139 406 m
1170 371 1213 405 1,.
1256 371 1540 406 omnum
1574 371 1607 407 1.
2127 362 2156 408 δ

541 484 683 532 mus?
751 484 862 544 Hic,
890 484 970 533 hic
990 487 1124 544 sunt,
1151 484 1205 532 in
1229 488 1400 532 nostro
1424 499 1645 545 numero,
1670 490 1836 547 patres
1859 488 2150 549 conscripti,

540 562 591 609 in
613 562 707 610 hoc
728 563 863 611 orbis
886 567 1048 611 terrae
1069 563 1378 610 sanctissimo
1396 563 1789 625 gravissimoque
1812 564 2036 624 consilio,
2068 566 2155 628 qui

539 640 600 688 de
622 645 794 689 nostro
816 642 1039 689 omnium
1063 641 1293 699 interitu,
1315 641 1403 704 qui
1427 641 1488 689 de
1512 642 1664 704 hujus
1688 642 1826 689 urbis
1849 648 2000 705 atque
2023 638 2225 718 adeo-Lo

538 719 600 767 de
621 720 755 768 orbis
775 724 1023 768 terrarum
1046 720 1200 768 exitio
1225 720 1456 781 cogitent.
1511 719 1620 767 Hos
1644 737 1735 781 ego
1760 721 1904 770 video
1929 720 2152 787 [consul]

539 801 589 846 et
620 798 683 845 de
715 798 967 860 republica
999 798 1298 846 sententiam
1333 814 1468 859 rogo,
1506 801 1557 845 et
1591 815 1713 860 quos
1748 800 1879 847 ferro
1905 801 2149 849 trucidari

537 876 814 938 oportebat,
842 892 926 925 eos
947 877 1171 924 nondum
1196 891 1312 924 voce
1335 876 1554 925 voluero.
1627 875 1791 925 Fuisti
1825 878 1980 941 igitur
2012 880 2151 941 apud

537 954 745 1003 Laecam
777 956 864 1004 illa
898 961 1057 1015 nocte,
1097 955 1343 1006 Catilina.
1401 955 1632 1003 distribu
1629 957 1702 1004 sti
1737 958 1892 1017 partis
1929 958 2147 1006 Italiae·
2135 977 2148 1018 3
2614 1004 2618 1009 .

536 1034 756 1081 statuisti
789 1050 890 1096 quo
923 1050 1170 1096 quemque
1204 1033 1446 1099 proficisci
1480 1034 1728 1096 placeret;
1767 1035 1997 1095 delevisti
2022 1053 2149 1100 quos
2167 1028 2277 1105 [j
2278 1056 2370 1098 «9»,
2361 1069 2402 1094 a
2414 1058 2439 1094 ι
2461 1046 2535 1089 0
2539 1013 2618 1130 *ff
2682 1100 2686 1104 ,

537 1113 725 1160 Romae
739 1113 1060 1174 relinqueres,
1077 1127 1200 1172 quos
1221 1116 1382 1159 tecum
1397 1101 1659 1169 educeFes3
1682 1113 1989 1175 descripsisti
2010 1115 2150 1163 urbis
2168 1129 2210 1172 -;
2240 1136 2247 1147 ³
2268 1146 2280 1160 ,
2556 1117 2589 1148 *f*

535 1191 692 1252 partis
713 1190 775 1237 ad
810 1190 1072 1237 incendia.
1113 1188 1416 1236 confirmasti
1447 1192 1493 1235 te
1526 1189 1687 1250 ipsum
1709 1189 1814 1251 jam
1846 1206 1953 1238 esse
1987 1192 2148 1240 exitu-

534 1284 678 1325 rum;
717 1267 889 1314 dixisti
924 1267 1127 1328 paulum
1161 1266 1257 1315 tibi
1289 1282 1397 1315 esse
1431 1266 1583 1314 etiam
1616 1276 1750 1315 nunc
1785 1283 1966 1328 morae,
2007 1270 2147 1332 quod

238 1394 240 1396 ,
535 1362 624 1409 ego
647 1346 882 1393 viverem.
950 1346 1155 1407 Reperti
1189 1348 1308 1392 sunt
1340 1344 1442 1392 duo
1476 1345 1667 1406 equites
1708 1345 1925 1393 Romani
1965 1349 2052 1408 qui
2093 1351 2147 1396 te

233 1412 241 1471 ἱ
536 1425 630 1474 ista
651 1441 768 1501 cura
789 1425 1076 1483 liberarent,
1106 1430 1156 1471 et
1190 1438 1297 1470 sese
1331 1422 1418 1470 illa
1450 1423 1556 1484 ipsa
1590 1428 1735 1471 nocte
1758 1424 1906 1485 paulo
1929 1430 2046 1474 ante
2069 1426 2145 1474 lu-

469 1552 477 1560 ,
534 1521 640 1553 cem
676 1520 754 1551 me
788 1505 842 1551 in
879 1519 988 1551 meo
1024 1503 1207 1550 lectulo
1242 1502 1593 1550 interfecturos
1626 1519 1731 1551 esse
1765 1504 2137 1564 pollicerentur.

535 1585 607 1633 10.
661 1583 800 1630 Haec
823 1599 913 1643 ego
937 1582 1118 1640 onmia,
1147 1581 1353 1629 vixdum
1378 1581 1529 1629 etiam
1551 1585 1694 1629 coetu
1720 1586 1887 1630 vestro
1913 1583 2141 1645 dimisso,

534 1663 749 1724 comperi
771 1678 781 1711 ε
817 1661 1021 1708 domum
1039 1677 1199 1708 meam
1218 1660 1489 1722 majoribus
1506 1660 1766 1721 praesidiis
1785 1662 1978 1714 munivi
1992 1668 2146 1726 atque

535 1734 725 1787 firmavi
743 1756 756 1797 ;
790 1738 978 1786 exclusi
1001 1754 1085 1786 eos
1102 1753 1226 1801 quos
1245 1741 1299 1785 tu
1318 1738 1382 1786 ad
1402 1754 1479 1786 me
1496 1737 1767 1786 salutatum
1786 1740 2004 1800 miseram,
2028 1758 2143 1790 cum

535 1820 641 1869 illi
628 1819 724 1881 1psi
746 1818 1014 1879 venissent,
1042 1833 1167 1881 quos
1189 1833 1281 1879 ego
1302 1819 1407 1880 jam
1432 1818 1600 1866 multis
1623 1834 1677 1866 ac
1700 1820 1906 1867 summis
1931 1821 2051 1869 viris
2078 1823 2144 1870 ad

535 1914 611 1946 me
632 1898 686 1945 id
708 1896 961 1963 temporis
968 1902 1206 1945 venturos
1231 1912 1335 1945 esse
1357 1896 1721 1959 praedixeram.

651 1991 783 2047 Ο-ΒᾸ
799 2003 821 2025 7
850 2016 860 2037 r
897 1999 947 2054 ‘·‘,
971 2044 1006 2059 u.
1040 2030 1096 2053 k*
1302 2022 1368 2072 V.

591 2135 731 2195 Quae
751 2150 866 2184 cum
888 2134 959 2182 ita
980 2134 1099 2191 sint,
1126 2132 1355 2193 Catilina,
1383 2149 1535 2195 perge
1558 2149 1659 2196 quo
1680 2134 1903 2196 coepisti.
1987 2137 2144 2200 Egre-

531 2214 646 2262 dere
688 2207 958 2275 aliquando
1007 2205 1071 2260 ex
1115 2212 1269 2260 urbe:
1325 2215 1501 2274 patent
1545 2216 1752 2273 portae:
1809 2208 2136 2275 proficiscere.

533 2293 753 2342 Nimium
777 2292 864 2339 diu
888 2295 940 2339 te
963 2291 1313 2352 imperatorem
1345 2295 1435 2338 tua
1466 2290 1551 2337 illa
1584 2290 1843 2338 Manliana
1865 2297 2029 2341 castra
2052 2296 2139 2343 de-

526 2372 760 2420 siderant.
819 2370 962 2418 Educ
984 2374 1149 2418 tecum
1167 2370 1319 2418 etiam
1342 2369 1503 2417 omnis
1525 2372 1639 2415 tuos
1663 2385 1674 2426 ;
1709 2369 1751 2415 si
1776 2370 1956 2430 minus,
1983 2387 2135 2433 quam

526 2451 765 2514 plurimos
785 2465 795 2499 :
832 2465 989 2511 purga
1012 2449 1202 2497 urbem.
1265 2448 1452 2509 Magno
1474 2463 1554 2494 me
1578 2450 1715 2494 metu
1738 2446 1992 2509 liberabis,
2018 2452 2141 2500 dum

525 2529 672 2577 modo
693 2528 827 2577 inter
861 2544 940 2576 me
972 2531 1124 2590 atque
1156 2532 1208 2575 te
1243 2542 1415 2574 murus
1437 2527 1651 2577 intersit.
1723 2529 2000 2579 Nobiscum
2030 2548 2139 2580 ver-

523 2607 619 2658 sari
650 2608 755 2670 jam
788 2606 980 2655 diutius
1012 2621 1115 2653 non
1147 2610 1324 2668 potes:
1357 2621 1460 2653 non
1492 2606 1664 2667 feram,
1691 2624 1795 2655 non
1829 2613 2005 2680 anr,
2037 2627 2139 2659 non

521 2688 693 2738 sinam.
766 2687 840 2735 11.
881 2686 1069 2746 Magna
1101 2685 1178 2733 dis
1210 2685 1575 2733 immortalibus
1609 2687 1838 2739 habenda
1863 2693 1954 2749 est,
1984 2693 2138 2753 atque

458 2823 461 2824 ⁷
520 2766 635 2817 huic
673 2765 768 2829 ipsi
801 2765 840 2814 J
842 2764 924 2814 ovi
958 2763 1162 2821 Statori,
1189 2764 1539 2827 antiquissimo
1564 2765 1758 2813 custodi
1795 2765 1950 2829 hujus
1975 2768 2130 2827 urbis,

225 679 240 854 »m
224 419 248 674 &mx-q,
233 359 235 362 ,
