2772 3368
1060 394 1120 428 IN
1153 395 1194 429 L.
1237 395 1519 429 CATILINAM
1550 396 1584 431 1.
2067 383 2124 431 11

518 510 709 556 vastare
732 506 833 569 jam
856 507 1051 570 pridem
1074 508 1262 568 studes,
1291 509 1662 570 relinquentem
1685 524 1842 572 usque
1866 510 1926 557 ad
1954 513 2126 572 portas

517 590 903 649 prosequantur.

579 745 651 792 22.
675 743 1001 806 ,Quamquam
1034 743 1159 806 quid
1191 744 1401 807 loquor?
1439 807 1446 814 ¹
1488 745 1556 792 'I'e
1580 748 1637 810 ¹3}
1665 744 1762 792 ulla
1785 760 1865 792 res
1887 745 2086 808 frangat
2109 747 2126 795 ’ἒ

514 828 571 872 tu
594 828 649 871 ut
674 839 906 884 umquam
931 827 982 871 te
1005 824 1252 885 corrigas?
1299 828 1354 871 tu
1381 828 1436 871 ut
1462 824 1614 871 ullam
1638 825 1807 884 fugam
1832 825 2077 873 meditere
2109 827 2127 874 2

515 907 571 950 tu
605 906 660 950 ut
694 901 924 949 exsilium
956 902 1177 962 cogites?
1242 902 1452 950 Utinam
1489 902 1583 949 tibi
1625 902 1769 949 istam
1810 907 2032 951 mentem
2068 904 2120 951 di

514 980 815 1029 immortales
837 980 1014 1049 duint!
1038 981 1249 1028 ¹tametsi
1273 980 1433 1040 video,
1463 981 1503 1027 si
1538 997 1648 1028 mea
1669 996 1787 1027 voce
1811 980 2111 1041 perterritus

516 1062 595 1108 ire¹
621 1061 674 1107 in
710 1060 942 1107 exsilium
974 1060 1197 1107 animum
1230 1060 1504 1120 induxeris,
1532 1063 1719 1123 quanta
1742 1062 2016 1121 tempestas
2050 1059 2122 1107 in-

514 1138 674 1186 vidiae
729 1138 871 1185 nobis
894 1164 958 1172 —
978 1138 1019 1185 si
1063 1138 1229 1185 minus
1274 1139 1327 1185 in
1372 1155 1605 1200 praesens
1661 1142 1875 1198 tempus,
1926 1139 2123 1186 recenti

516 1216 754 1264 memoria
797 1216 1038 1263 scelerum
1079 1220 1298 1277 tuorum,
1342 1221 1394 1264 at
1433 1217 1487 1263 in
1524 1217 2123 1279 posteritatem—impen-

530 1298 662 1344 'eatz
703 1296 790 1361 scd
813 1296 1058 1357 QSss-‚Efflssla
1088 1296 1205 1342 dum
1231 1297 1377 1357 modo
1411 1296 1507 1343 ista
1530 1296 1596 1343 sit
1630 1296 1824 1357 privata
1847 1296 2113 1354 calamitas,

516 1404 566 1423 ω
599 1392 626 1423 a
661 1374 734 1421 rei
769 1367 994 1434 publicae
1028 1374 1260 1435 periculis
1295 1375 1602 1436 sejungatur.
1693 1374 1791 1422 Sed
1817 1378 1872 1421 tu
1901 1382 1958 1421 ut
1979 1374 2118 1421 vitiis

512 1455 611 1502 tuis
643 1469 997 1510 commoveare,
1026 1457 1082 1500 ut
1115 1453 1280 1513 legum
1315 1469 1499 1514 poenas
1532 1452 1867 1514 pertimescas,
1901 1457 1955 1500 ut
1991 1457 2117 1500 tem-

512 1535 716 1597 poribus
740 1533 810 1579 rei
834 1532 1060 1593 publicae
1084 1532 1241 1591 ceda3‚
1272 1540 1373 1579 no‘n
1398 1536 1472 1579 est
1498 1532 1868 1593 postulandum.
1940 1532 2118 1594 Neque

512 1613 644 1662 enim
667 1613 709 1658 is
733 1628 796 1670 es,
822 1610 1052 1669 Catilina,
1078 1616 1133 1658 ut
1151 1616 1202 1658 te
1221 1616 1308 1658 aut
1326 1611 1486 1672 pudor
1505 1627 1739 1673 umquam
1756 1627 1784 1657 a
1804 1611 2118 1672 turpitudine

510 1698 597 1741 aut
630 1699 792 1739 metus
828 1708 857 1738 a
895 1690 1114 1753 periculo
1149 1695 1236 1737 aut
1271 1691 1400 1737 ratio
1433 1707 1462 1737 a
1496 1691 1665 1737 furore
1700 1692 1957 1738 revocarit.
2036 1691 2109 1739 23.

510 1772 669 1831 Quam
693 1771 758 1818 ob
780 1786 901 1830 rem,
929 1774 984 1816 ut
1007 1785 1152 1829 saepe
1174 1770 1279 1831 jam
1302 1769 1420 1828 dixi,
1452 1769 1758 1829 proficiscere
1784 1787 1794 1825 ;
1831 1785 1899 1827 ac,
1923 1770 1963 1816 si
1991 1769 2114 1816 mihi

510 1850 713 1898 inimico
754 1848 830 1910 (ut
869 1848 1144 1909 praedicas)
1189 1853 1276 1895 tuo
1313 1848 1525 1908 conflare
1565 1848 1641 1894 vis
1682 1848 1936 1906 invidiam,
1983 1853 2119 1895 recta

484 1945 655 1992 -perge
690 1928 744 1975 in
779 1927 1043 1975 exsilium:
1097 1926 1182 1974 vix
1215 1926 1371 1973 feram
1406 1941 1658 1973 sermones
1694 1926 1954 1973 hominum
1989 1926 2031 1972 si
2066 1925 2118 1973 id
2162 1937 2211 1970 -⁶·

508 2009 716 2065 feceris3
763 2007 846 2054 vix
880 2006 1061 2052 molem
1095 2005 1238 2052 istius
1273 2005 1505 2064 invidiae,
1544 2005 1587 2052 si
1622 2005 1675 2052 in
1709 2005 1939 2052 exsilium
1973 2006 2117 2067 jussu

506 2088 722 2147 consulis
744 2086 872 2144 ieris,
903 2085 1174 2132 sustinebo.
1250 2084 1339 2132 Sin
1372 2088 1542 2131 autem
1578 2084 1764 2131 servire
1801 2100 1936 2131 meae
1971 2084 2109 2131 laudi

507 2171 558 2217 et
589 2165 774 2227 gloriae
804 2163 979 2223 mavis,
1016 2162 1252 2221 egredere
1286 2179 1398 2210 cum
1433 2162 1717 2223 importuna
1750 2162 2110 2209 sceleratorum

506 2260 691 2293 manu:
748 2239 918 2290 confer
955 2244 1005 2289 te
1049 2241 1113 2288 ad
1152 2241 1415 2295 Manlium,
1462 2242 1656 2288 concita
1694 2240 1916 2302 perditos
1962 2241 2100 2301 civis,

507 2338 708 2372 secerne
745 2326 795 2369 te
833 2337 863 2369 a
900 2320 1059 2380 bonis,
1098 2320 1230 2367 infer
1258 2319 1460 2380 ,patriae
1483 2319 1687 2378 bellum,
1728 2318 1925 2366 exsulta
1960 2319 2116 2379 impio

457 2426 466 2449 ς
507 2400 782 2465 latrocinio,
813 2403 867 2446 ut
901 2415 930 2446 a
963 2415 1043 2446 me
1076 2413 1178 2445 non
1212 2396 1402 2460 ejectus
1426 2396 1488 2444 ad
1520 2397 1724 2458 alienos,
1754 2397 1840 2445 sed
1877 2398 2120 2446 invitatus

504 2481 569 2529 ad
590 2484 705 2540 tuos
734 2478 829 2526 isse
854 2478 1084 2525 videaris.

571 2560 645 2607 24.
690 2557 1002 2619 Quamquam
1036 2548 1178 2619 quid‘
1192 2571 1283 2618 ego
1317 2559 1368 2604 te
1402 2554 1628 2615 invitem,
1660 2571 1687 2602 a
1708 2572 1807 2619 quo
1841 2555 1945 2618 jam
1968 2556 2120 2605 sciam

505 2654 611 2686 esse
642 2636 940 2700 praemissos
975 2635 1062 2697 qui
1100 2634 1194 2682 tibi
1231 2634 1296 2682 ad
1335 2635 1521 2682 Forum
1556 2635 1816 2681 Aurelium
1852 2636 2120 2696 praestola-

442 2722 450 2731 '
505 2720 679 2765 rentur
728 2714 939 2763 armati?
998 2713 1077 2760 cui
1120 2714 1273 2761 sciam
1309 2718 1504 2776 pactam
1541 2718 1593 2761 et
1638 2714 1960 2761 constitutam
2009 2730 2121 2763 cum

501 2781 698 2844 Manlio
722 2793 888 2843 diem?
919 2809 946 2840 a
967 2809 1067 2856 quo
1093 2795 1243 2841 etiam
1260 2793 1478 2856 aquilam
1497 2793 1635 2843 illam
1658 2797 1943 2853 argenteam
1969 2809 2121 2855 quam

1007 2870 1025 2930 l
