<?xml version="1.0" encoding="UTF-8"?>
<!DOCTYPE html PUBLIC "-//W3C//DTD XHTML 1.0 Transitional//EN"
    "http://www.w3.org/TR/xhtml1/DTD/xhtml1-transitional.dtd">
<html xmlns="http://www.w3.org/1999/xhtml" xml:lang="en" lang="en">
 <head>
  <title>
</title>
<meta http-equiv="Content-Type" content="text/html;charset=utf-8" />
  <meta name='ocr-system' content='tesseract 3.04.00' />
  <meta name='ocr-capabilities' content='ocr_page ocr_carea ocr_par ocr_line ocrx_word'/>
</head>
<body>
  <div class='ocr_page' id='page_1' title='image "./cihm_11859_0022.png"; bbox 0 0 2756 3304; ppageno 0'>
   <div class='ocr_carea' id='block_1_1' title="bbox 2684 0 2756 24">
    <p class='ocr_par' dir='ltr' id='par_1_1' title="bbox 2684 0 2756 24">
     <span class='ocr_line' id='line_1_1' title="bbox 2684 0 2756 24; baseline 0 3280"><span class='ocrx_word' id='word_1_1' title='bbox 2684 0 2756 24; x_wconf 95' lang='lat' dir='ltr'><strong> </strong></span> 
     </span>
    </p>
   </div>
   <div class='ocr_carea' id='block_1_2' title="bbox 651 378 2604 456">
    <p class='ocr_par' dir='ltr' id='par_1_2' title="bbox 651 378 2604 456">
     <span class='ocr_line' id='line_1_2' title="bbox 651 378 2604 456; baseline -0.001 -26"><span class='ocrx_word' id='word_1_2' title='bbox 651 379 680 430; x_wconf 85' lang='lat'>2</span> <span class='ocrx_word' id='word_1_3' title='bbox 1146 420 1148 423; x_wconf 92' lang='lat'>.</span> <span class='ocrx_word' id='word_1_4' title='bbox 1349 394 1550 432; x_wconf 72' lang='lat' dir='ltr'><strong>monac.</strong></span> <span class='ocrx_word' id='word_1_5' title='bbox 2502 437 2514 456; x_wconf 25' lang='grc' dir='ltr'><strong>,ἃ</strong></span> <span class='ocrx_word' id='word_1_6' title='bbox 2582 378 2604 409; x_wconf 64' lang='lat'>²</span> 
     </span>
    </p>
   </div>
   <div class='ocr_carea' id='block_1_3' title="bbox 648 503 2511 1592">
    <p class='ocr_par' dir='ltr' id='par_1_3' title="bbox 648 503 2524 1120">
     <span class='ocr_line' id='line_1_3' title="bbox 650 503 2511 575; baseline -0.001 -17"><span class='ocrx_word' id='word_1_7' title='bbox 650 511 761 559; x_wconf 88' lang='lat' dir='ltr'><strong>duci</strong></span> <span class='ocrx_word' id='word_1_8' title='bbox 798 511 938 573; x_wconf 85' lang='lat' dir='ltr'><strong>jussu</strong></span> <span class='ocrx_word' id='word_1_9' title='bbox 963 510 1178 558; x_wconf 80' lang='lat' dir='ltr'><strong>consulis</strong></span> <span class='ocrx_word' id='word_1_10' title='bbox 1211 510 1315 571; x_wconf 81' lang='lat' dir='ltr'><strong>jam</strong></span> <span class='ocrx_word' id='word_1_11' title='bbox 1351 510 1542 571; x_wconf 78' lang='lat' dir='ltr'><strong>pridem</strong></span> <span class='ocrx_word' id='word_1_12' title='bbox 1568 510 1859 570; x_wconf 80' lang='lat' dir='ltr'><strong>oport-ebat3</strong></span> <span class='ocrx_word' id='word_1_13' title='bbox 1894 508 1944 557; x_wconf 91' lang='lat' dir='ltr'><strong>in</strong></span> <span class='ocrx_word' id='word_1_14' title='bbox 1969 514 2023 558; x_wconf 78' lang='lat' dir='ltr'><strong>te</strong></span> <span class='ocrx_word' id='word_1_15' title='bbox 2044 509 2256 558; x_wconf 82' lang='lat' dir='ltr'><strong>conferri</strong></span> <span class='ocrx_word' id='word_1_16' title='bbox 2498 503 2511 575; x_wconf 68' lang='grc' dir='ltr'><strong><em>ἶ</em></strong></span> 
     </span>
     <span class='ocr_line' id='line_1_4' title="bbox 648 573 2508 653; baseline -0.002 -14"><span class='ocrx_word' id='word_1_17' title='bbox 648 595 839 653; x_wconf 86' lang='lat' dir='ltr'><strong>pestem</strong></span> <span class='ocrx_word' id='word_1_18' title='bbox 861 604 1009 650; x_wconf 87' lang='lat' dir='ltr'><strong>quam</strong></span> <span class='ocrx_word' id='word_1_19' title='bbox 1032 593 1087 635; x_wconf 90' lang='lat' dir='ltr'><strong>tu</strong></span> <span class='ocrx_word' id='word_1_20' title='bbox 1112 588 1163 640; x_wconf 85' lang='lat' dir='ltr'><strong>in</strong></span> <span class='ocrx_word' id='word_1_21' title='bbox 1186 603 1275 634; x_wconf 86' lang='lat' dir='ltr'><strong>nos</strong></span> <span class='ocrx_word' id='word_1_22' title='bbox 1299 585 1420 650; x_wconf 74' lang='lat' dir='ltr'><strong>[Jam</strong></span> <span class='ocrx_word' id='word_1_23' title='bbox 1442 586 1551 646; x_wconf 78' lang='lat' dir='ltr'><strong>diu]</strong></span> <span class='ocrx_word' id='word_1_24' title='bbox 1573 588 1881 635; x_wconf 84' lang='lat' dir='ltr'><strong>machinaris.</strong></span> <span class='ocrx_word' id='word_1_25' title='bbox 1953 588 1996 635; x_wconf 86' lang='lat'><strong>3.</strong></span> <span class='ocrx_word' id='word_1_26' title='bbox 2038 587 2117 635; x_wconf 90' lang='lat' dir='ltr'><strong>An</strong></span> <span class='ocrx_word' id='word_1_27' title='bbox 2136 601 2252 635; x_wconf 81' lang='lat' dir='ltr'><strong>vero</strong></span> <span class='ocrx_word' id='word_1_28' title='bbox 2497 573 2508 597; x_wconf 43' lang='grc' dir='ltr'><em>Τ</em></span> 
     </span>
     <span class='ocr_line' id='line_1_5' title="bbox 650 648 2511 729; baseline -0.003 -12"><span class='ocrx_word' id='word_1_29' title='bbox 650 663 728 717; x_wconf 55' lang='lat' dir='ltr'><strong>{tir</strong></span> <span class='ocrx_word' id='word_1_30' title='bbox 761 667 1106 729; x_wconf 83' lang='lat' dir='ltr'><strong>amplissimus,</strong></span> <span class='ocrx_word' id='word_1_31' title='bbox 1138 666 1192 713; x_wconf 91' lang='lat' dir='ltr'><strong>P.</strong></span> <span class='ocrx_word' id='word_1_32' title='bbox 1226 666 1404 727; x_wconf 84' lang='lat' dir='ltr'>Scipio,</span> <span class='ocrx_word' id='word_1_33' title='bbox 1434 667 1663 726; x_wconf 78' lang='lat' dir='ltr'><strong>pontifex</strong></span> <span class='ocrx_word' id='word_1_34' title='bbox 1698 665 1957 726; x_wconf 72' lang='lat' dir='ltr'><strong>maximus,</strong></span> <span class='ocrx_word' id='word_1_35' title='bbox 1998 665 2072 713; x_wconf 77' lang='lat' dir='ltr'><strong>Ti.</strong></span> <span class='ocrx_word' id='word_1_36' title='bbox 2105 665 2257 713; x_wconf 84' lang='lat' dir='ltr'><strong>Grac·</strong></span> <span class='ocrx_word' id='word_1_37' title='bbox 2499 648 2511 693; x_wconf 46' lang='grc' dir='ltr'><em>ἶ</em></span> 
     </span>
     <span class='ocr_line' id='line_1_6' title="bbox 649 707 2509 852; baseline -0.003 -56"><span class='ocrx_word' id='word_1_38' title='bbox 649 748 796 796; x_wconf 89' lang='lat' dir='ltr'><strong>chum</strong></span> <span class='ocrx_word' id='word_1_39' title='bbox 830 745 1147 794; x_wconf 87' lang='lat' dir='ltr'><strong>mediocriter</strong></span> <span class='ocrx_word' id='word_1_40' title='bbox 1179 745 1562 792; x_wconf 78' lang='lat' dir='ltr'><strong>labefactantem</strong></span> <span class='ocrx_word' id='word_1_41' title='bbox 1591 748 1778 791; x_wconf 82' lang='lat' dir='ltr'><strong>statum</strong></span> <span class='ocrx_word' id='word_1_42' title='bbox 1802 744 1874 791; x_wconf 89' lang='lat' dir='ltr'><strong>rei</strong></span> <span class='ocrx_word' id='word_1_43' title='bbox 1907 743 2132 806; x_wconf 82' lang='lat' dir='ltr'><strong>publicae</strong></span> <span class='ocrx_word' id='word_1_44' title='bbox 2160 744 2253 805; x_wconf 89' lang='lat' dir='ltr'><strong>pri·</strong></span> <span class='ocrx_word' id='word_1_45' title='bbox 2493 707 2509 852; x_wconf 54' lang='grc' dir='ltr'><strong><em>ξ</em></strong></span> 
     </span>
     <span class='ocr_line' id='line_1_7' title="bbox 651 817 2258 884; baseline -0.003 -11"><span class='ocrx_word' id='word_1_46' title='bbox 651 830 795 874; x_wconf 83' lang='lat' dir='ltr'><strong>vatus</strong></span> <span class='ocrx_word' id='word_1_47' title='bbox 835 823 1118 872; x_wconf 73' lang='lat' dir='ltr'><strong>interfecit:</strong></span> <span class='ocrx_word' id='word_1_48' title='bbox 1178 817 1459 881; x_wconf 74' lang='lat' dir='ltr'><strong>Catilinam,</strong></span> <span class='ocrx_word' id='word_1_49' title='bbox 1502 823 1673 871; x_wconf 87' lang='lat' dir='ltr'><strong>orbem</strong></span> <span class='ocrx_word' id='word_1_50' title='bbox 1710 826 1872 870; x_wconf 84' lang='lat' dir='ltr'><strong>terrae</strong></span> <span class='ocrx_word' id='word_1_51' title='bbox 1916 822 2067 870; x_wconf 82' lang='lat' dir='ltr'><strong>caede</strong></span> <span class='ocrx_word' id='word_1_52' title='bbox 2105 825 2258 884; x_wconf 76' lang='lat' dir='ltr'><strong>atque</strong></span> 
     </span>
     <span class='ocr_line' id='line_1_8' title="bbox 650 896 2507 976; baseline -0.001 -25"><span class='ocrx_word' id='word_1_53' title='bbox 650 903 893 951; x_wconf 84' lang='lat' dir='ltr'><strong>incendiis</strong></span> <span class='ocrx_word' id='word_1_54' title='bbox 939 906 1132 950; x_wconf 84' lang='lat' dir='ltr'><strong>vastare</strong></span> <span class='ocrx_word' id='word_1_55' title='bbox 1176 902 1474 962; x_wconf 89' lang='lat' dir='ltr'><strong>cupientem,</strong></span> <span class='ocrx_word' id='word_1_56' title='bbox 1525 917 1616 948; x_wconf 82' lang='lat' dir='ltr'><strong>nos</strong></span> <span class='ocrx_word' id='word_1_57' title='bbox 1650 901 1879 948; x_wconf 86' lang='lat' dir='ltr'><strong>consules</strong></span> <span class='ocrx_word' id='word_1_58' title='bbox 1917 901 2261 963; x_wconf 68' lang='lat' dir='ltr'><strong>perferemus?</strong></span> <span class='ocrx_word' id='word_1_59' title='bbox 2489 896 2507 976; x_wconf 57' lang='lat' dir='ltr'>ff</span> 
     </span>
     <span class='ocr_line' id='line_1_9' title="bbox 650 978 2259 1040; baseline 0 -13"><span class='ocrx_word' id='word_1_60' title='bbox 650 981 782 1029; x_wconf 90' lang='lat' dir='ltr'><strong>Nam</strong></span> <span class='ocrx_word' id='word_1_61' title='bbox 837 980 923 1027; x_wconf 89' lang='lat' dir='ltr'><strong>illa</strong></span> <span class='ocrx_word' id='word_1_62' title='bbox 967 979 1116 1026; x_wconf 84' lang='lat' dir='ltr'><strong>nimis</strong></span> <span class='ocrx_word' id='word_1_63' title='bbox 1160 979 1366 1040; x_wconf 86' lang='lat' dir='ltr'><strong>antiqua</strong></span> <span class='ocrx_word' id='word_1_64' title='bbox 1409 982 1684 1039; x_wconf 89' lang='lat' dir='ltr'><strong>praetereo,</strong></span> <span class='ocrx_word' id='word_1_65' title='bbox 1732 979 1867 1040; x_wconf 88' lang='lat' dir='ltr'><strong>quod</strong></span> <span class='ocrx_word' id='word_1_66' title='bbox 1910 979 1980 1026; x_wconf 50' lang='lat' dir='ltr'><strong>C(</strong></span> <span class='ocrx_word' id='word_1_67' title='bbox 2017 978 2259 1027; x_wconf 86' lang='lat' dir='ltr'><strong>Servilius</strong></span> 
     </span>
     <span class='ocr_line' id='line_1_10' title="bbox 649 1057 2253 1120; baseline -0.001 -13"><span class='ocrx_word' id='word_1_68' title='bbox 649 1058 809 1108; x_wconf 88' lang='lat' dir='ltr'><strong>Ahala</strong></span> <span class='ocrx_word' id='word_1_69' title='bbox 852 1058 932 1120; x_wconf 82' lang='lat' dir='ltr'><strong>Sp.</strong></span> <span class='ocrx_word' id='word_1_70' title='bbox 975 1057 1214 1105; x_wconf 86' lang='lat' dir='ltr'><strong>Maelium</strong></span> <span class='ocrx_word' id='word_1_71' title='bbox 1257 1057 1399 1104; x_wconf 89' lang='lat' dir='ltr'><strong>novis</strong></span> <span class='ocrx_word' id='word_1_72' title='bbox 1443 1057 1591 1104; x_wconf 87' lang='lat' dir='ltr'><strong>rebus</strong></span> <span class='ocrx_word' id='word_1_73' title='bbox 1634 1057 1921 1105; x_wconf 81' lang='lat' dir='ltr'><strong>studentem</strong></span> <span class='ocrx_word' id='word_1_74' title='bbox 1966 1074 2116 1106; x_wconf 86' lang='lat' dir='ltr'><strong>manu</strong></span> <span class='ocrx_word' id='word_1_75' title='bbox 2162 1074 2253 1107; x_wconf 79' lang='lat' dir='ltr'><strong>sua</strong></span> 
     </span>
    </p>

    <p class='ocr_par' dir='ltr' id='par_1_4' title="bbox 649 1135 2261 1198">
     <span class='ocr_line' id='line_1_11' title="bbox 649 1135 2261 1198; baseline -0.001 -12"><span class='ocrx_word' id='word_1_76' title='bbox 649 1137 842 1186; x_wconf 87' lang='lat' dir='ltr'><strong>occidit.</strong></span> <span class='ocrx_word' id='word_1_77' title='bbox 917 1136 1049 1194; x_wconf 89' lang='lat' dir='ltr'><strong>Fuit,</strong></span> <span class='ocrx_word' id='word_1_78' title='bbox 1080 1136 1177 1183; x_wconf 90' lang='lat' dir='ltr'><strong>fuit</strong></span> <span class='ocrx_word' id='word_1_79' title='bbox 1213 1136 1309 1182; x_wconf 81' lang='lat' dir='ltr'><strong>ista</strong></span> <span class='ocrx_word' id='word_1_80' title='bbox 1342 1135 1595 1198; x_wconf 86' lang='lat' dir='ltr'><strong>quondam</strong></span> <span class='ocrx_word' id='word_1_81' title='bbox 1633 1135 1686 1182; x_wconf 89' lang='lat' dir='ltr'><strong>in</strong></span> <span class='ocrx_word' id='word_1_82' title='bbox 1718 1135 1811 1183; x_wconf 90' lang='lat' dir='ltr'><strong>hac</strong></span> <span class='ocrx_word' id='word_1_83' title='bbox 1845 1151 1898 1184; x_wconf 90' lang='lat' dir='ltr'><strong>re</strong></span> <span class='ocrx_word' id='word_1_84' title='bbox 1930 1136 2129 1198; x_wconf 86' lang='lat' dir='ltr'><strong>publica</strong></span> <span class='ocrx_word' id='word_1_85' title='bbox 2165 1137 2261 1184; x_wconf 88' lang='lat' dir='ltr'><strong>vir-</strong></span> 
     </span>
    </p>

    <p class='ocr_par' dir='ltr' id='par_1_5' title="bbox 648 1205 2499 1433">
     <span class='ocr_line' id='line_1_12' title="bbox 649 1205 2499 1280; baseline -0.002 -15"><span class='ocrx_word' id='word_1_86' title='bbox 649 1222 748 1276; x_wconf 88' lang='lat' dir='ltr'><strong>tus,</strong></span> <span class='ocrx_word' id='word_1_87' title='bbox 775 1220 832 1263; x_wconf 90' lang='lat' dir='ltr'><strong>ut</strong></span> <span class='ocrx_word' id='word_1_88' title='bbox 856 1216 948 1262; x_wconf 90' lang='lat' dir='ltr'><strong>viri</strong></span> <span class='ocrx_word' id='word_1_89' title='bbox 974 1216 1129 1261; x_wconf 81' lang='lat' dir='ltr'><strong>fortes</strong></span> <span class='ocrx_word' id='word_1_90' title='bbox 1152 1213 1423 1261; x_wconf 82' lang='lat' dir='ltr'><strong>acrioribus</strong></span> <span class='ocrx_word' id='word_1_91' title='bbox 1448 1213 1701 1275; x_wconf 78' lang='lat' dir='ltr'><strong>suppliciis</strong></span> <span class='ocrx_word' id='word_1_92' title='bbox 1725 1215 1885 1261; x_wconf 90' lang='lat' dir='ltr'><strong>civem</strong></span> <span class='ocrx_word' id='word_1_93' title='bbox 1918 1215 2257 1276; x_wconf 86' lang='lat' dir='ltr'><strong>perniciosum</strong></span> <span class='ocrx_word' id='word_1_94' title='bbox 2484 1205 2499 1280; x_wconf 63' lang='grc' dir='ltr'>ἓ</span> 
     </span>
     <span class='ocr_line' id='line_1_13' title="bbox 648 1292 2257 1360; baseline -0.002 -16"><span class='ocrx_word' id='word_1_95' title='bbox 648 1311 798 1360; x_wconf 85' lang='lat' dir='ltr'><strong>quam</strong></span> <span class='ocrx_word' id='word_1_96' title='bbox 820 1293 1189 1342; x_wconf 81' lang='lat' dir='ltr'><strong>acerbissimum</strong></span> <span class='ocrx_word' id='word_1_97' title='bbox 1213 1293 1404 1339; x_wconf 85' lang='lat' dir='ltr'><strong>hostem</strong></span> <span class='ocrx_word' id='word_1_98' title='bbox 1424 1296 1722 1341; x_wconf 69' lang='lat' dir='ltr'><strong>coercerent.</strong></span> <span class='ocrx_word' id='word_1_99' title='bbox 1774 1292 2037 1351; x_wconf 84' lang='lat' dir='ltr'><strong>Habemus</strong></span> <span class='ocrx_word' id='word_1_100' title='bbox 2053 1298 2257 1341; x_wconf 88' lang='lat' dir='ltr'><strong>senatus</strong></span> 
     </span>
     <span class='ocr_line' id='line_1_14' title="bbox 650 1370 2257 1433; baseline -0.002 -9"><span class='ocrx_word' id='word_1_101' title='bbox 650 1375 930 1424; x_wconf 84' lang='lat' dir='ltr'><strong>consultum</strong></span> <span class='ocrx_word' id='word_1_102' title='bbox 951 1373 1001 1419; x_wconf 88' lang='lat' dir='ltr'><strong>in</strong></span> <span class='ocrx_word' id='word_1_103' title='bbox 1026 1377 1091 1429; x_wconf 91' lang='lat' dir='ltr'><strong>te,</strong></span> <span class='ocrx_word' id='word_1_104' title='bbox 1123 1371 1350 1427; x_wconf 83' lang='lat' dir='ltr'><strong>Catilina,</strong></span> <span class='ocrx_word' id='word_1_105' title='bbox 1377 1370 1645 1419; x_wconf 86' lang='lat' dir='ltr'><strong>vehemens</strong></span> <span class='ocrx_word' id='word_1_106' title='bbox 1669 1376 1718 1419; x_wconf 90' lang='lat' dir='ltr'><strong>et</strong></span> <span class='ocrx_word' id='word_1_107' title='bbox 1740 1388 1901 1433; x_wconf 86' lang='lat' dir='ltr'><strong>grave.</strong></span> <span class='ocrx_word' id='word_1_108' title='bbox 1975 1371 2092 1420; x_wconf 87' lang='lat' dir='ltr'><strong>Non</strong></span> <span class='ocrx_word' id='word_1_109' title='bbox 2115 1373 2257 1420; x_wconf 66' lang='lat' dir='ltr'><strong>deest</strong></span> 
     </span>
    </p>

    <p class='ocr_par' dir='ltr' id='par_1_6' title="bbox 650 1451 2255 1515">
     <span class='ocr_line' id='line_1_15' title="bbox 650 1451 2255 1515; baseline -0.002 -12"><span class='ocrx_word' id='word_1_110' title='bbox 650 1456 722 1503; x_wconf 92' lang='lat' dir='ltr'><strong>rei</strong></span> <span class='ocrx_word' id='word_1_111' title='bbox 763 1454 988 1515; x_wconf 86' lang='lat' dir='ltr'><strong>publicae</strong></span> <span class='ocrx_word' id='word_1_112' title='bbox 1024 1452 1302 1509; x_wconf 82' lang='lat' dir='ltr'><strong>consilium,</strong></span> <span class='ocrx_word' id='word_1_113' title='bbox 1341 1467 1505 1513; x_wconf 90' lang='lat' dir='ltr'><strong>neque</strong></span> <span class='ocrx_word' id='word_1_114' title='bbox 1537 1452 1807 1499; x_wconf 84' lang='lat' dir='ltr'><strong>auctoritas</strong></span> <span class='ocrx_word' id='word_1_115' title='bbox 1843 1451 1997 1515; x_wconf 85' lang='lat' dir='ltr'><strong>hujus</strong></span> <span class='ocrx_word' id='word_1_116' title='bbox 2033 1452 2255 1501; x_wconf 80' lang='lat' dir='ltr'><strong>ordinis:</strong></span> 
     </span>
    </p>

    <p class='ocr_par' dir='ltr' id='par_1_7' title="bbox 650 1505 1769 1592">
     <span class='ocr_line' id='line_1_16' title="bbox 650 1505 1769 1592; baseline -0.002 -11"><span class='ocrx_word' id='word_1_117' title='bbox 650 1549 758 1592; x_wconf 87' lang='lat' dir='ltr'><strong>nos,</strong></span> <span class='ocrx_word' id='word_1_118' title='bbox 785 1548 890 1592; x_wconf 86' lang='lat' dir='ltr'><strong>nos,</strong></span> <span class='ocrx_word' id='word_1_119' title='bbox 922 1531 1031 1578; x_wconf 86' lang='lat' dir='ltr'><strong>dico</strong></span> <span class='ocrx_word' id='word_1_120' title='bbox 1055 1535 1238 1592; x_wconf 88' lang='lat' dir='ltr'><strong>aperte,</strong></span> <span class='ocrx_word' id='word_1_121' title='bbox 1270 1541 1497 1578; x_wconf 68' lang='lat' dir='ltr'><strong>consules</strong></span> <span class='ocrx_word' id='word_1_122' title='bbox 1521 1505 1769 1580; x_wconf 48' lang='lat' dir='ltr'><strong>desumus.</strong></span> 
     </span>
    </p>
   </div>
   <div class='ocr_carea' id='block_1_4' title="bbox 1416 1672 1485 1721">
    <p class='ocr_par' dir='ltr' id='par_1_8' title="bbox 1416 1672 1485 1721">
     <span class='ocr_line' id='line_1_17' title="bbox 1416 1672 1485 1721; baseline 0.014 -1"><span class='ocrx_word' id='word_1_123' title='bbox 1416 1672 1485 1721; x_wconf 93' lang='grc' dir='ltr'><strong>ΙΙ.</strong></span> 
     </span>
    </p>
   </div>
   <div class='ocr_carea' id='block_1_5' title="bbox 612 1783 2414 2879">
    <p class='ocr_par' dir='ltr' id='par_1_9' title="bbox 650 1783 2259 2396">
     <span class='ocr_line' id='line_1_18' title="bbox 714 1783 2257 1845; baseline -0.001 -12"><span class='ocrx_word' id='word_1_124' title='bbox 714 1787 757 1833; x_wconf 89' lang='grc'><strong>4.</strong></span> <span class='ocrx_word' id='word_1_125' title='bbox 802 1784 1037 1833; x_wconf 86' lang='lat' dir='ltr'><strong>Decrevit</strong></span> <span class='ocrx_word' id='word_1_126' title='bbox 1076 1783 1329 1845; x_wconf 87' lang='lat' dir='ltr'><strong>quondam</strong></span> <span class='ocrx_word' id='word_1_127' title='bbox 1368 1786 1584 1842; x_wconf 82' lang='lat' dir='ltr'><strong>senatus,</strong></span> <span class='ocrx_word' id='word_1_128' title='bbox 1631 1787 1686 1830; x_wconf 87' lang='lat' dir='ltr'><strong>ut</strong></span> <span class='ocrx_word' id='word_1_129' title='bbox 1724 1783 1781 1830; x_wconf 84' lang='lat' dir='ltr'><strong>L.</strong></span> <span class='ocrx_word' id='word_1_130' title='bbox 1821 1783 2046 1845; x_wconf 77' lang='lat' dir='ltr'><strong>Opimius</strong></span> <span class='ocrx_word' id='word_1_131' title='bbox 2086 1784 2257 1832; x_wconf 85' lang='lat' dir='ltr'><strong>consul</strong></span> 
     </span>
     <span class='ocr_line' id='line_1_19' title="bbox 652 1860 2257 1924; baseline -0.001 -13"><span class='ocrx_word' id='word_1_132' title='bbox 652 1865 845 1912; x_wconf 53' lang='lat' dir='ltr'><strong>videret</strong></span> <span class='ocrx_word' id='word_1_133' title='bbox 884 1879 948 1910; x_wconf 89' lang='lat' dir='ltr'><strong>ne</strong></span> <span class='ocrx_word' id='word_1_134' title='bbox 990 1861 1114 1924; x_wconf 85' lang='lat' dir='ltr'><strong>quid</strong></span> <span class='ocrx_word' id='word_1_135' title='bbox 1157 1877 1235 1908; x_wconf 87' lang='lat' dir='ltr'><strong>res</strong></span> <span class='ocrx_word' id='word_1_136' title='bbox 1275 1861 1471 1923; x_wconf 86' lang='lat' dir='ltr'><strong>publica</strong></span> <span class='ocrx_word' id='word_1_137' title='bbox 1507 1860 1797 1909; x_wconf 80' lang='lat' dir='ltr'><strong>detrimenti</strong></span> <span class='ocrx_word' id='word_1_138' title='bbox 1838 1866 2048 1924; x_wconf 87' lang='lat' dir='ltr'><strong>caperet.</strong></span> <span class='ocrx_word' id='word_1_139' title='bbox 2140 1862 2257 1911; x_wconf 84' lang='lat' dir='ltr'><strong>Nox</strong></span> 
     </span>
     <span class='ocr_line' id='line_1_20' title="bbox 651 1940 2257 2004; baseline 0 -14"><span class='ocrx_word' id='word_1_140' title='bbox 651 1943 790 1991; x_wconf 78' lang='lat' dir='ltr'><strong>nulla</strong></span> <span class='ocrx_word' id='word_1_141' title='bbox 824 1941 1137 1989; x_wconf 81' lang='lat' dir='ltr'><strong>intercessit:</strong></span> <span class='ocrx_word' id='word_1_142' title='bbox 1182 1940 1479 1987; x_wconf 84' lang='lat' dir='ltr'><strong>interfectus</strong></span> <span class='ocrx_word' id='word_1_143' title='bbox 1513 1945 1587 1988; x_wconf 83' lang='lat' dir='ltr'><strong>est</strong></span> <span class='ocrx_word' id='word_1_144' title='bbox 1621 1945 1825 2002; x_wconf 89' lang='lat' dir='ltr'><strong>propter</strong></span> <span class='ocrx_word' id='word_1_145' title='bbox 1857 1941 2095 2004; x_wconf 81' lang='lat' dir='ltr'><strong>quasdam</strong></span> <span class='ocrx_word' id='word_1_146' title='bbox 2128 1942 2257 1990; x_wconf 85' lang='lat' dir='ltr'><strong>sedi-</strong></span> 
     </span>
     <span class='ocr_line' id='line_1_21' title="bbox 650 2017 2253 2081; baseline -0.001 -12"><span class='ocrx_word' id='word_1_147' title='bbox 650 2023 848 2070; x_wconf 89' lang='lat' dir='ltr'><strong>tionum</strong></span> <span class='ocrx_word' id='word_1_148' title='bbox 882 2018 1187 2080; x_wconf 77' lang='lat' dir='ltr'><strong>suspiciones</strong></span> <span class='ocrx_word' id='word_1_149' title='bbox 1220 2017 1274 2067; x_wconf 91' lang='lat' dir='ltr'><strong>C.</strong></span> <span class='ocrx_word' id='word_1_150' title='bbox 1321 2018 1588 2077; x_wconf 80' lang='lat' dir='ltr'><strong>Gracchus,</strong></span> <span class='ocrx_word' id='word_1_151' title='bbox 1627 2018 1899 2066; x_wconf 84' lang='lat' dir='ltr'><strong>clarissimo</strong></span> <span class='ocrx_word' id='word_1_152' title='bbox 1943 2024 2099 2081; x_wconf 82' lang='lat' dir='ltr'><strong>patre,</strong></span> <span class='ocrx_word' id='word_1_153' title='bbox 2144 2036 2253 2078; x_wconf 86' lang='lat' dir='ltr'><strong>avc,</strong></span> 
     </span>
     <span class='ocr_line' id='line_1_22' title="bbox 650 2096 2250 2161; baseline -0.001 -14"><span class='ocrx_word' id='word_1_154' title='bbox 650 2098 924 2161; x_wconf 81' lang='lat' dir='ltr'><strong>majoribus</strong></span> <span class='ocrx_word' id='word_1_155' title='bbox 946 2114 957 2154; x_wconf 91' lang='lat'>;</span> <span class='ocrx_word' id='word_1_156' title='bbox 992 2097 1179 2144; x_wconf 87' lang='lat' dir='ltr'><strong>occisus</strong></span> <span class='ocrx_word' id='word_1_157' title='bbox 1202 2100 1278 2143; x_wconf 87' lang='lat' dir='ltr'><strong>est</strong></span> <span class='ocrx_word' id='word_1_158' title='bbox 1302 2111 1413 2143; x_wconf 87' lang='lat' dir='ltr'><strong>cum</strong></span> <span class='ocrx_word' id='word_1_159' title='bbox 1436 2096 1607 2143; x_wconf 85' lang='lat' dir='ltr'><strong>liberis</strong></span> <span class='ocrx_word' id='word_1_160' title='bbox 1630 2096 1700 2144; x_wconf 92' lang='lat' dir='ltr'><strong>M.</strong></span> <span class='ocrx_word' id='word_1_161' title='bbox 1731 2097 1940 2144; x_wconf 87' lang='lat' dir='ltr'><strong>Fulvius</strong></span> <span class='ocrx_word' id='word_1_162' title='bbox 1964 2099 2250 2147; x_wconf 90' lang='lat' dir='ltr'><strong>consularis.</strong></span> 
     </span>
     <span class='ocr_line' id='line_1_23' title="bbox 652 2175 2258 2228; baseline -0.001 -1"><span class='ocrx_word' id='word_1_163' title='bbox 652 2178 815 2228; x_wconf 84' lang='lat' dir='ltr'><strong>Simili</strong></span> <span class='ocrx_word' id='word_1_164' title='bbox 837 2181 1041 2224; x_wconf 85' lang='lat' dir='ltr'><strong>senatus</strong></span> <span class='ocrx_word' id='word_1_165' title='bbox 1065 2176 1292 2224; x_wconf 81' lang='lat' dir='ltr'><strong>consulto</strong></span> <span class='ocrx_word' id='word_1_166' title='bbox 1316 2175 1366 2224; x_wconf 94' lang='lat' dir='ltr'><strong>C.</strong></span> <span class='ocrx_word' id='word_1_167' title='bbox 1397 2175 1562 2223; x_wconf 82' lang='lat' dir='ltr'><strong>Mario</strong></span> <span class='ocrx_word' id='word_1_168' title='bbox 1585 2180 1636 2224; x_wconf 91' lang='lat' dir='ltr'><strong>et</strong></span> <span class='ocrx_word' id='word_1_169' title='bbox 1659 2177 1711 2223; x_wconf 89' lang='lat' dir='ltr'><strong>L.</strong></span> <span class='ocrx_word' id='word_1_170' title='bbox 1742 2175 1947 2225; x_wconf 88' lang='lat' dir='ltr'><strong>Valerio</strong></span> <span class='ocrx_word' id='word_1_171' title='bbox 1971 2179 2258 2226; x_wconf 85' lang='lat' dir='ltr'><strong>consulibus</strong></span> 
     </span>
     <span class='ocr_line' id='line_1_24' title="bbox 651 2254 2250 2319; baseline 0 -13"><span class='ocrx_word' id='word_1_172' title='bbox 651 2262 728 2306; x_wconf 85' lang='lat' dir='ltr'><strong>est</strong></span> <span class='ocrx_word' id='word_1_173' title='bbox 776 2255 1014 2319; x_wconf 75' lang='lat' dir='ltr'><strong>permissa</strong></span> <span class='ocrx_word' id='word_1_174' title='bbox 1049 2270 1127 2301; x_wconf 87' lang='lat' dir='ltr'><strong>res</strong></span> <span class='ocrx_word' id='word_1_175' title='bbox 1164 2254 1398 2316; x_wconf 84' lang='lat' dir='ltr'><strong>publica:</strong></span> <span class='ocrx_word' id='word_1_176' title='bbox 1455 2270 1577 2302; x_wconf 92' lang='lat' dir='ltr'><strong>num</strong></span> <span class='ocrx_word' id='word_1_177' title='bbox 1616 2270 1771 2302; x_wconf 89' lang='lat' dir='ltr'><strong>unum</strong></span> <span class='ocrx_word' id='word_1_178' title='bbox 1808 2255 1939 2304; x_wconf 87' lang='lat' dir='ltr'><strong>diem</strong></span> <span class='ocrx_word' id='word_1_179' title='bbox 1982 2261 2154 2317; x_wconf 82' lang='lat' dir='ltr'><strong>postea</strong></span> <span class='ocrx_word' id='word_1_180' title='bbox 2194 2258 2250 2306; x_wconf 88' lang='lat' dir='ltr'><strong>L.</strong></span> 
     </span>
     <span class='ocr_line' id='line_1_25' title="bbox 651 2332 2259 2396; baseline 0 -12"><span class='ocrx_word' id='word_1_181' title='bbox 651 2335 979 2385; x_wconf 84' lang='lat' dir='ltr'><strong>Saturninum</strong></span> <span class='ocrx_word' id='word_1_182' title='bbox 1013 2334 1273 2380; x_wconf 87' lang='lat' dir='ltr'><strong>tribunum</strong></span> <span class='ocrx_word' id='word_1_183' title='bbox 1306 2332 1469 2393; x_wconf 86' lang='lat' dir='ltr'><strong>plebis</strong></span> <span class='ocrx_word' id='word_1_184' title='bbox 1503 2337 1553 2381; x_wconf 88' lang='lat' dir='ltr'><strong>et</strong></span> <span class='ocrx_word' id='word_1_185' title='bbox 1588 2333 1640 2381; x_wconf 93' lang='lat' dir='ltr'><strong>C.</strong></span> <span class='ocrx_word' id='word_1_186' title='bbox 1678 2334 1944 2381; x_wconf 82' lang='lat' dir='ltr'><strong>Servilium</strong></span> <span class='ocrx_word' id='word_1_187' title='bbox 1979 2340 2259 2396; x_wconf 85' lang='lat' dir='ltr'><strong>praetorem</strong></span> 
     </span>
    </p>

    <p class='ocr_par' dir='ltr' id='par_1_10' title="bbox 612 2411 2296 2632">
     <span class='ocr_line' id='line_1_26' title="bbox 612 2411 2258 2480; baseline 0 -18"><span class='ocrx_word' id='word_1_188' title='bbox 612 2476 616 2480; x_wconf 13' lang='grc' dir='ltr'>ὴ</span> <span class='ocrx_word' id='word_1_189' title='bbox 651 2414 804 2479; x_wconf 86' lang='lat' dir='ltr'><strong>[mors</strong></span> <span class='ocrx_word' id='word_1_190' title='bbox 823 2411 899 2476; x_wconf 81' lang='lat' dir='ltr'><strong>ac]</strong></span> <span class='ocrx_word' id='word_1_191' title='bbox 923 2412 994 2460; x_wconf 80' lang='lat' dir='ltr'><strong>rei</strong></span> <span class='ocrx_word' id='word_1_192' title='bbox 1017 2412 1244 2473; x_wconf 85' lang='lat' dir='ltr'><strong>publicae</strong></span> <span class='ocrx_word' id='word_1_193' title='bbox 1268 2427 1428 2474; x_wconf 85' lang='lat' dir='ltr'><strong>poena</strong></span> <span class='ocrx_word' id='word_1_194' title='bbox 1454 2418 1699 2460; x_wconf 75' lang='lat' dir='ltr'><strong>remorata</strong></span> <span class='ocrx_word' id='word_1_195' title='bbox 1717 2413 1827 2461; x_wconf 67' lang='lat' dir='ltr'><strong>est?</strong></span> <span class='ocrx_word' id='word_1_196' title='bbox 1882 2414 1950 2461; x_wconf 89' lang='lat' dir='ltr'><strong>At</strong></span> <span class='ocrx_word' id='word_1_197' title='bbox 1973 2429 2064 2461; x_wconf 88' lang='lat' dir='ltr'><strong>nos</strong></span> <span class='ocrx_word' id='word_1_198' title='bbox 2089 2415 2258 2462; x_wconf 86' lang='lat' dir='ltr'><strong>vicesi-</strong></span> 
     </span>
     <span class='ocr_line' id='line_1_27' title="bbox 651 2491 2259 2555; baseline 0.001 -15"><span class='ocrx_word' id='word_1_199' title='bbox 651 2509 788 2541; x_wconf 86' lang='lat' dir='ltr'><strong>mum</strong></span> <span class='ocrx_word' id='word_1_200' title='bbox 820 2492 925 2555; x_wconf 83' lang='lat' dir='ltr'><strong>jam</strong></span> <span class='ocrx_word' id='word_1_201' title='bbox 947 2491 1082 2539; x_wconf 85' lang='lat' dir='ltr'><strong>diem</strong></span> <span class='ocrx_word' id='word_1_202' title='bbox 1115 2491 1334 2552; x_wconf 80' lang='lat' dir='ltr'><strong>patimur</strong></span> <span class='ocrx_word' id='word_1_203' title='bbox 1367 2491 1634 2540; x_wconf 87' lang='lat' dir='ltr'><strong>hebescere</strong></span> <span class='ocrx_word' id='word_1_204' title='bbox 1658 2492 1814 2539; x_wconf 90' lang='lat' dir='ltr'><strong>aciem</strong></span> <span class='ocrx_word' id='word_1_205' title='bbox 1846 2491 2027 2540; x_wconf 88' lang='lat' dir='ltr'><strong>horum</strong></span> <span class='ocrx_word' id='word_1_206' title='bbox 2047 2494 2259 2541; x_wconf 88' lang='lat' dir='ltr'><strong>auctori-</strong></span> 
     </span>
     <span class='ocr_line' id='line_1_28' title="bbox 651 2561 2296 2632; baseline 0.001 -13"><span class='ocrx_word' id='word_1_207' title='bbox 651 2572 787 2620; x_wconf 87' lang='lat' dir='ltr'><strong>tatis.</strong></span> <span class='ocrx_word' id='word_1_208' title='bbox 855 2570 1116 2617; x_wconf 86' lang='lat' dir='ltr'><strong>Habemus</strong></span> <span class='ocrx_word' id='word_1_209' title='bbox 1140 2561 1273 2617; x_wconf 83' lang='lat' dir='ltr'><strong>enim</strong></span> <span class='ocrx_word' id='word_1_210' title='bbox 1308 2569 1518 2632; x_wconf 82' lang='lat' dir='ltr'><strong>hujusce</strong></span> <span class='ocrx_word' id='word_1_211' title='bbox 1551 2570 1685 2618; x_wconf 89' lang='lat' dir='ltr'><strong>modi</strong></span> <span class='ocrx_word' id='word_1_212' title='bbox 1719 2575 1921 2619; x_wconf 87' lang='lat' dir='ltr'><strong>senatus</strong></span> <span class='ocrx_word' id='word_1_213' title='bbox 1956 2573 2253 2631; x_wconf 87' lang='lat' dir='ltr'><strong>consultum,</strong></span> <span class='ocrx_word' id='word_1_214' title='bbox 2287 2573 2296 2582; x_wconf 89' lang='lat'>&#39;</span> 
     </span>
    </p>

    <p class='ocr_par' dir='ltr' id='par_1_11' title="bbox 652 2637 2414 2879">
     <span class='ocr_line' id='line_1_29' title="bbox 653 2637 2259 2712; baseline 0 -13"><span class='ocrx_word' id='word_1_215' title='bbox 653 2664 828 2699; x_wconf 88' lang='lat' dir='ltr'><strong>verum</strong></span> <span class='ocrx_word' id='word_1_216' title='bbox 851 2648 1100 2695; x_wconf 85' lang='lat' dir='ltr'><strong>inclusum</strong></span> <span class='ocrx_word' id='word_1_217' title='bbox 1133 2648 1185 2695; x_wconf 90' lang='lat' dir='ltr'><strong>in</strong></span> <span class='ocrx_word' id='word_1_218' title='bbox 1219 2648 1421 2707; x_wconf 72' lang='lat' dir='ltr'><strong>tabulis,</strong></span> <span class='ocrx_word' id='word_1_219' title='bbox 1449 2654 1704 2712; x_wconf 80' lang='lat' dir='ltr'><strong>tamquam</strong></span> <span class='ocrx_word' id='word_1_220' title='bbox 1738 2650 1793 2696; x_wconf 88' lang='lat' dir='ltr'><strong>in</strong></span> <span class='ocrx_word' id='word_1_221' title='bbox 1825 2650 2003 2711; x_wconf 83' lang='lat' dir='ltr'><strong>vagina</strong></span> <span class='ocrx_word' id='word_1_222' title='bbox 2036 2637 2259 2699; x_wconf 63' lang='lat' dir='ltr'><strong>recondi-</strong></span> 
     </span>
     <span class='ocr_line' id='line_1_30' title="bbox 652 2722 2316 2798; baseline 0.004 -25"><span class='ocrx_word' id='word_1_223' title='bbox 652 2733 783 2788; x_wconf 80' lang='lat' dir='ltr'><strong>tum,</strong></span> <span class='ocrx_word' id='word_1_224' title='bbox 821 2741 920 2789; x_wconf 79' lang='lat' dir='ltr'><strong>quo</strong></span> <span class='ocrx_word' id='word_1_225' title='bbox 955 2743 1015 2777; x_wconf 84' lang='lat' dir='ltr'><strong>ex</strong></span> <span class='ocrx_word' id='word_1_226' title='bbox 1049 2733 1250 2776; x_wconf 87' lang='lat' dir='ltr'><strong>senatus</strong></span> <span class='ocrx_word' id='word_1_227' title='bbox 1284 2728 1513 2776; x_wconf 82' lang='lat' dir='ltr'><strong>consult-o</strong></span> <span class='ocrx_word' id='word_1_228' title='bbox 1545 2729 1810 2777; x_wconf 78' lang='lat' dir='ltr'><strong>confestim</strong></span> <span class='ocrx_word' id='word_1_229' title='bbox 1848 2732 1898 2777; x_wconf 89' lang='lat' dir='ltr'><strong>te</strong></span> <span class='ocrx_word' id='word_1_230' title='bbox 1938 2722 2316 2798; x_wconf 42' lang='lat' dir='ltr'><strong>interfectumssg.</strong></span> 
     </span>
     <span class='ocr_line' id='line_1_31' title="bbox 655 2805 2414 2879; baseline 0.001 -23"><span class='ocrx_word' id='word_1_231' title='bbox 655 2824 776 2868; x_wconf 80' lang='lat' dir='ltr'><strong>esse,</strong></span> <span class='ocrx_word' id='word_1_232' title='bbox 808 2808 1036 2866; x_wconf 76' lang='lat' dir='ltr'><strong>Catilina,</strong></span> <span class='ocrx_word' id='word_1_233' title='bbox 1069 2805 1316 2857; x_wconf 71' lang='lat' dir='ltr'><strong>convenit.</strong></span> <span class='ocrx_word' id='word_1_234' title='bbox 1388 2806 1548 2869; x_wconf 86' lang='lat' dir='ltr'><strong>Vivis,</strong></span> <span class='ocrx_word' id='word_1_235' title='bbox 1576 2812 1631 2858; x_wconf 88' lang='lat' dir='ltr'><strong>et</strong></span> <span class='ocrx_word' id='word_1_236' title='bbox 1647 2809 1775 2859; x_wconf 85' lang='lat' dir='ltr'><strong>vivis</strong></span> <span class='ocrx_word' id='word_1_237' title='bbox 1797 2824 1899 2858; x_wconf 87' lang='lat' dir='ltr'><strong>non</strong></span> <span class='ocrx_word' id='word_1_238' title='bbox 1919 2810 1987 2858; x_wconf 81' lang='lat' dir='ltr'><strong>ad</strong></span> <span class='ocrx_word' id='word_1_239' title='bbox 2010 2806 2214 2879; x_wconf 40' lang='lat' dir='ltr'><strong>depoiij]v</strong></span> <span class='ocrx_word' id='word_1_240' title='bbox 2360 2809 2414 2853; x_wconf 53' lang='grc' dir='ltr'><strong>έν-«ὲ</strong></span> 
     </span>
    </p>
   </div>
   <div class='ocr_carea' id='block_1_6' title="bbox 0 2744 2756 3304">
    <p class='ocr_par' dir='ltr' id='par_1_12' title="bbox 0 2744 2756 3304">
     <span class='ocr_line' id='line_1_32' title="bbox 0 2744 2756 3304; baseline 0 -468"><span class='ocrx_word' id='word_1_241' title='bbox 0 2744 2756 3304; x_wconf 95' lang='lat' dir='ltr'><strong>  </strong></span> <span class='ocrx_word' id='word_1_242' title='bbox 2316 2744 2756 2836; x_wconf 95' lang='lat' dir='ltr'><strong> </strong></span> 
     </span>
    </p>
   </div>
  </div>
 </body>
</html>
