2772 3352
712 423 774 471 14
1415 435 1616 471 monac.

1450 547 1572 597 XII.

775 628 872 675 His
916 644 1004 690 ego
1048 617 1370 676 sanctissimis
1409 628 1480 674 rei
1524 628 1752 690 publicae
1790 629 2008 689 vocibus,
2051 633 2102 677 et
2146 645 2319 677 eorum

711 708 969 754 hominum
1010 707 1098 769 qui
1141 707 1234 754 hoc
1277 707 1410 753 idem
1454 706 1680 753 sentiunt
1725 709 1993 767 mentibus,
2034 723 2190 768 pauca
2233 723 2308 755 re-

710 785 976 847 spondebo.
1049 785 1171 845 Ego,
1200 784 1241 831 si
1275 784 1366 831 hoc
1390 784 1634 844 optimum
1656 785 1794 831 factu
1827 785 2117 847 judicarem,
2146 790 2313 845 patres

711 863 990 923 conscripti,
1021 862 1289 909 Catilinam
1322 866 1482 918 morte
1517 862 1735 921 multari,
1765 864 1914 909 unius
1940 879 2139 910 usuram
2163 863 2314 910 horae

711 941 972 1003 gladiatori
1005 941 1088 988 isti
1127 942 1190 988 ad
1231 941 1499 988 vivendum
1543 956 1646 987 non
1683 941 1949 989 dedissem.
2032 942 2238 989 Etenim
2275 943 2316 989 si

713 1018 889 1066 summi
907 1022 956 1065 et
978 1017 1236 1065 clarissimi
1258 1019 1348 1064 viri
1370 1017 1632 1066 Saturnini
1649 1022 1700 1065 et
1719 1018 2057 1066 Gracchorum
2077 1027 2127 1066 et
2150 1019 2314 1067 Flacci

713 1103 763 1144 et
796 1097 1105 1158 superiorum
1146 1097 1475 1157 complurium
1514 1097 1757 1157 sanguine
1793 1113 1894 1144 non
1935 1098 2084 1145 modo
2124 1115 2176 1146 se
2215 1114 2316 1145 non

689 1166 1126 1235 contaminarunt,
1173 1175 1262 1223 sed
1294 1176 1445 1223 etiam
1478 1176 1825 1236 honestarunt,
1865 1181 2000 1225 certe
2034 1178 2311 1225 verendum

713 1254 837 1301 mihi
859 1270 960 1301 non
983 1257 1088 1300 erat
1113 1268 1175 1299 ne
1198 1253 1319 1314 quid
1351 1253 1446 1300 hoc
1470 1253 1715 1314 parricida
1739 1254 1923 1301 civium
1948 1254 2214 1302 interfecto
2237 1255 2311 1302 in-

714 1333 877 1381 vidiae
900 1332 1023 1379 mihi
1046 1332 1098 1378 in
1121 1332 1465 1392 posteritatem
1489 1331 1807 1381 redundaret.
1880 1333 2025 1390 Quod
2047 1333 2088 1380 si
2114 1349 2172 1381 ea
2193 1333 2318 1381 mihi

711 1411 923 1458 maxime
956 1410 1282 1472 impenderet,
1312 1413 1482 1456 tamen
1506 1410 1600 1456 hoc
1622 1411 1790 1456 animo
1814 1410 1887 1456 fui
1913 1427 2123 1472 semper,
2154 1415 2210 1458 ut
2243 1411 2339 1458 in·-

710 1490 895 1536 vidiam
927 1489 1113 1536 virtute
1147 1492 1354 1549 partam,
1374 1487 1599 1546 gloriam,
1639 1504 1740 1534 non
1781 1488 2020 1535 invidiam
2063 1493 2348 1549 putarem.

710 1570 787 1615 30.
824 1567 1135 1629 Quamquam
1158 1581 1261 1612 non
1283 1553 1411 1612 nulli
1444 1569 1563 1612 sunt
1595 1566 1649 1612 in
1684 1567 1778 1613 hoc
1812 1567 2002 1626 ordine,
2031 1568 2117 1629 qui
2151 1572 2239 1615 aut
2262 1585 2320 1616 ea

709 1662 836 1707 quae
872 1646 1134 1692 imminent
1168 1660 1269 1691 non
1293 1644 1511 1703 videant,
1542 1648 1630 1690 aut
1654 1662 1711 1691 ea
1734 1661 1860 1706 quae
1885 1646 2060 1692 vident
2084 1646 2317 1694 dissimu-

709 1726 849 1774 lent:
902 1725 987 1787 qui
1024 1740 1161 1785 spem
1202 1722 1445 1770 Catilinae
1481 1723 1715 1769 mollibus
1753 1724 2019 1770 sententiis
2059 1724 2315 1787 aluerunt,

710 1791 1222 1866 coniurationemque
1259 1806 1545 1849 nascentem
1590 1817 1691 1849 non
1737 1802 1986 1849 credendo
2033 1805 2318 1852 corrobora-

709 1887 924 1931 verunt:
974 1898 1187 1943 quorum
1223 1880 1571 1927 auctoritatem
1617 1880 1774 1926 secuti
1821 1880 1965 1926 multi
2010 1896 2111 1927 non
2155 1882 2317 1929 solum

711 1962 939 2023 improbi,
967 1977 1142 2008 verum
1177 1960 1326 2007 etiam
1362 1935 1597 2020 imperiti,
1625 1959 1666 2005 si
1702 1959 1755 2005 in
1780 1959 1913 2005 hunc
1936 1958 2317 2007 animadvertis-

710 2058 828 2098 sem,
881 2039 1150 2088 crudeliter
1196 2044 1245 2087 et
1291 2039 1424 2098 regie
1471 2040 1658 2085 factum
1696 2051 1802 2084 esse
1838 2039 2076 2087 dicerent.
2165 2039 2317 2088 Nunc

709 2119 960 2181 intellego,
1001 2119 1043 2165 si
1078 2119 1187 2177 iste,
1225 2133 1323 2179 quo
1358 2116 1593 2174 intendit,
1631 2116 1684 2162 in
1719 2116 1977 2164 Manliana
2010 2121 2172 2165 castra
2204 2134 2313 2179 per-

710 2194 918 2257 venerit,
948 2198 1203 2245 neminem
1237 2201 1335 2242 tam
1373 2194 1585 2241 stultum
1620 2194 1727 2240 fore
1760 2195 1847 2256 qui
1880 2210 1982 2241 non
2016 2195 2181 2244 videat
2206 2213 2319 2245 con-

159 2332 165 2344 ,
709 2276 1016 2340 jurationem
1040 2291 1144 2322 esse
1168 2276 1363 2332 factmn,
1388 2272 1639 2319 neminem
1675 2277 1779 2319 tam
1803 2272 2084 2331 improbum
2108 2275 2194 2336 qui
2217 2291 2319 2326 non

157 2360 166 2411 Ξ
709 2356 939 2402 fateatur.
1029 2353 1140 2400 Hoc
1174 2357 1339 2399 autem
1376 2366 1476 2397 uno
1509 2350 1790 2410 interfecto,
1821 2351 2060 2411 intellego
2093 2352 2221 2399 hanc
2246 2354 2331 2401 rei·

711 2433 938 2496 publicae
983 2437 1177 2556 pestem
1218 2430 1465 2491 ΡιυΙίερθι·
1510 2430 1729 2490 reprimi,
1778 2445 1877 2476 non
1926 2430 1978 2476 in
2015 2437 2321 2492 perpetuum

148 1576 171 2013 ae-4000-12-u1mu-‘uen4m—amw—-a-
151 1377 169 1562 <mm-s-‹s'ssmff
162 1305 165 1309 .
163 1268 165 1271 ⁴
159 1213 163 1251 -
156 1189 165 1195 e
160 1163 162 1165 -
161 1141 164 1147 ν
160 1091 163 1106 -A
160 1074 164 1080 η
160 1047 163 1057 Α
161 1021 165 1028 .
160 993 164 1000 ἡ

163 2221 167 2229 .
163 2165 168 2204 ,ψ
156 2025 169 2158 ,Νάθα-ἐμω»,

160 2437 176 2476 2³

158 2496 167 2573 {³
710 2508 1403 2566 comv‘1·<:.sse.Qu›d
1448 2508 1489 2554 si
1535 2524 1587 2554 se
1633 2507 1851 2569 ejecerit,
1897 2524 2163 2572 secumque
2208 2526 2322 2559 suos
2377 2543 2398 2596 9

159 2575 165 2630 ἶ
715 2592 771 2640 θεῖ
881 2608 889 2614 -
935 2632 960 2638 .«
992 2618 1000 2633 ι
1027 2607 1038 2619 ·’
1088 2588 1250 2635 *odem
1284 2592 1473 2634 ceteros
1510 2586 1732 2649 undique
1767 2586 2016 2635 conlectos
2052 2589 2320 2651 naufragos
2351 2633 2355 2636 ⁴

160 2658 165 2709 ᾗ
711 2673 815 2732 aun.
839 2699 871 2711 ,-
913 2701 937 2712 ι.
976 2686 989 2692 „
1089 2669 1384 2727 .—2‹·inguetur
1417 2670 1569 2728 atque
1593 2666 1846 2713 delebitur
1879 2682 1981 2714 non
2017 2668 2164 2715 modo
2197 2668 2321 2717 haec

713 2756 817 2798 tam
858 2766 1029 2797 aumas,
1074 2747 1144 2795 22}
1181 2745 1409 2809 publicae
1445 2743 1614 2806 pestis,
1657 2760 1832 2793 verum
1872 2746 2023 2793 etiam
2068 2747 2219 2809 stirps
2266 2764 2324 2797 ac

715 2844 887 2879 semen
911 2829 1154 2877 malorum
1178 2825 1414 2874 omnium.
