2772 3352
1035 332 1095 366 m
1128 332 1168 365 L.
1212 330 1495 367 cAnmNAM
1526 331 1560 366 1.
2044 318 2102 366 15

1217 443 1366 492 XIII.

557 526 630 572 31.
673 525 872 572 Etenim
908 524 1012 586 jam
1046 524 1146 582 diu,
1177 530 1341 585 patres
1366 525 1648 585 conscripti,
1682 525 1728 571 in
1757 525 1835 570 his
1870 524 2102 585 periculis

495 603 856 665 conjurationis
892 603 1185 672 insidiisque
1209 607 1481 660 versamur,
1511 603 1597 650 sed
1631 603 1795 650 nescio
1821 618 1920 663 quo
1956 608 2101 664 pacto

496 683 719 729 omnium
743 682 986 729 scelerum
1008 698 1062 729 ac
1086 682 1269 729 veteris
1303 682 1485 728 furoris
1511 686 1561 728 et
1584 682 1817 729 audaciae
1844 682 2101 728 maturitas

497 761 563 826 in·
588 762 748 808 nostri
788 760 1073 808 consulatus
1109 764 1306 822 tempus
1346 761 1524 822 erupit.
1599 760 1743 817 Quod
1782 761 1823 807 si
1859 775 1921 806 ex
1962 765 2101 807 tanto

496 837 756 886 latrocinio
790 839 885 886 iste
911 855 1038 885 unus
1062 839 1280 898 tolletur,
1312 839 1592 886 videbimur
1626 840 1834 885 fortasse
1857 839 1919 884 ad
1954 839 2101 885 breve

495 918 746 978 quoddam
780 921 977 978 ternpus
1012 933 1128 964 cura
1162 923 1210 964 et
1245 921 1382 964 metu
1417 934 1523 965 esse
1555 905 1794 977 relevati,
1829 917 2098 977 periculum

496 1002 664 1043 autem
700 997 954 1055 residebit,
983 1000 1032 1043 et
1056 996 1152 1043 erit
1186 997 1432 1043 inclusum
1466 997 1668 1057 penitus
1702 996 1753 1042 in
1778 996 1918 1043 venis
1952 1001 2102 1056 atque

497 1074 549 1120 in
576 1074 843 1121 visceribus
867 1074 940 1121 rei
963 1074 1200 1134 publicae.
1265 1074 1336 1121 Ut
1359 1090 1503 1135 saepe
1527 1074 1753 1120 homines
1774 1073 1906 1131 aegri
1932 1074 2103 1121 morbo

497 1153 649 1211 gravi,
686 1168 798 1198 cum
839 1163 980 1198 aestu
1019 1152 1246 1213 febrique
1285 1152 1554 1212 jactantur,
1594 1152 1634 1198 si
1674 1167 1852 1211 aquam
1890 1151 2102 1212 gelidam

497 1228 736 1288 bibeiint,
764 1229 925 1289 primo
960 1229 1167 1275 relevari
1205 1229 1452 1287 videntur,
1495 1229 1676 1276 deinde
1713 1230 1871 1276 multo
1904 1229 2103 1290 gravius

498 1297 944 1369 vehementiusque
980 1307 1324 1366 adflictantur3
1359 1308 1428 1354 sic
1463 1308 1541 1354 hic
1576 1309 1789 1366 morbus,
1821 1307 1907 1368 qui
1941 1311 2016 1355 est
2052 1307 2103 1354 in

499 1402 550 1433 re
590 1386 801 1447 publica,
842 1386 1088 1432 relevatus
1128 1386 1270 1432 istius
1309 1402 1481 1447 poena,
1524 1387 1867 1433 vehementius
1901 1386 2104 1448 reliquis

498 1464 624 1511 vivis
643 1464 966 1524 ingravescet.
1028 1465 1103 1510 32.
1146 1463 1253 1521 Qua
1271 1480 1323 1511 re
1342 1464 1573 1511 secedant
1592 1465 1819 1525 improbi,
1844 1468 2104 1511 secernant

498 1558 549 1588 se
584 1559 613 1589 a
647 1543 805 1601 bonis,
838 1558 993 1588 unum
1029 1543 1079 1588 in
1116 1543 1276 1588 locum
1311 1548 1688 1602 congregentur,
1721 1559 1862 1589 muro
1886 1542 2103 1604 denique

498 1619 591 1683 [id]
614 1621 770 1682 (quod
793 1636 939 1681 saepe
963 1620 1061 1681 jam
1089 1621 1213 1679 dixi)
1236 1620 1584 1667 discernantur
1606 1637 1636 1667 a
1659 1621 1800 1666 nobis
1825 1636 1836 1668 ς
1874 1620 2103 1666 desinant

498 1699 722 1745 insidiari
747 1699 887 1745 domi
900 1715 1016 1745 suae
1040 1699 1244 1756 consuli,
1276 1699 1594 1745 circumstare
1618 1699 1838 1745 tribunal
1863 1698 2103 1756 praetoris

499 1778 690 1836 urbani,
721 1777 950 1824 obsidere
974 1793 1085 1823 cum
1110 1777 1284 1837 gladiis
1308 1778 1510 1834 curiam,
1534 1777 1787 1823 malleolos
1812 1782 1862 1824 et
1886 1778 2018 1824 faces
2042 1778 2103 1824 ad.

498 1854 901 1901 inflammandam
929 1855 1101 1901 urbem
1126 1870 1407 1915 comparare
1430 1872 1439 1903 ε
1475 1855 1541 1901 sit
1565 1855 1780 1917 denique
1804 1855 2102 1915 inscriptum

498 1934 550 1980 in
573 1935 740 1980 fronte
763 1934 913 1979 unius
938 1932 1016 1993 cuj
1026 1949 1181 1994 usque
1204 1933 1325 1995 quid
1351 1932 1413 1979 de
1436 1948 1489 1979 re
1513 1933 1710 1994 publica
1734 1934 1929 1980 sentiat.
1990 1933 2101 1979 Pol-

497 2012 647 2058 liceor
681 2011 774 2058 hoc
808 2011 966 2068 vobis,
994 2016 1159 2070 patres
1193 2011 1474 2072 conscripti,
1502 2015 1696 2059 tantam
1729 2012 1780 2058 in
1814 2012 1958 2058 nobis
1992 2027 2103 2058 con-

498 2091 688 2137 sulibus
722 2090 828 2135 fore
863 2089 1189 2148 diligentiam,
1242 2076 1432 2135 tantam
1466 2089 1518 2135 in
1556 2090 1694 2135 vobis
1728 2089 1941 2136 auctorit
1947 2094 2097 2148 atem,

500 2174 690 2216 tantam
713 2168 765 2214 in
791 2168 1042 2227 equitibus
1057 2168 1299 2214 Romanis
1319 2168 1571 2227 virtutem,
1592 2173 1785 2214 tantam
1804 2168 1856 2213 in
1876 2167 2105 2213 omnibus

498 2248 642 2296 bonis
667 2247 1058 2305 consensionem,
1090 2252 1147 2293 ut
1171 2247 1412 2294 Catilinae
1437 2248 1744 2308 profectione
1767 2246 1932 2293 omnia
1968 2250 2102 2307 pate·

498 2328 642 2382 facta,
674 2324 958 2382 inlustrata,
987 2340 1233 2385 oppressa,
1265 2325 1513 2371 vindicata
1537 2324 1641 2371 esse
1668 2324 1890 2371 videatis.

562 2407 636 2453 33.
679 2403 833 2458 Hisce
857 2403 1120 2463 ominibus,
1154 2405 1384 2459 Catilina,
1411 2420 1523 2451 cum
1546 2421 1739 2451 summa
1772 2404 1843 2451 rei
1878 2402 2106 2464 publicae

499 2485 672 2540 salute,
703 2498 814 2529 cum
849 2486 937 2528 tua
970 2487 1109 2542 peste
1144 2499 1198 2529 ac
1233 2483 1468 2544 pernicie,
1495 2499 1707 2544 cumque
1742 2498 1913 2529 eorum
1950 2481 2105 2528 exitio

499 2563 661 2625 quise
685 2566 851 2608 tecum
886 2561 1020 2606 omni
1054 2562 1236 2608 scelere
1271 2561 1634 2622 parricidioque
1669 2562 1963 2623 junxerunt,
1993 2575 2105 2621 pro-

500 2641 716 2687 ficiscere
740 2638 803 2684 ad
838 2638 1045 2699 impium
1079 2640 1268 2686 bellum
1301 2656 1357 2686 ac
1391 2640 1652 2687 nefarium.
1727 2640 1819 2697 Tu,
1842 2638 1877 2685 J
1886 2639 2099 2700 uppiter,

502 2718 588 2779 qui
623 2716 782 2764 isdem
804 2716 987 2778 quibus
1020 2717 1140 2765 haec
1166 2718 1281 2765 urbs
1305 2718 1534 2779 auspiciis
1567 2715 1617 2780 [a
1639 2714 1878 2780 Romulo]
1910 2732 1962 2764 cs
1994 2732 2106 2764 con-

892 2857 913 2871 01
