2764 3288
628 383 658 432 4
1325 393 1525 431 olonae.

628 493 791 559 dicere
813 509 863 558 in
887 512 1081 575 senatu,
1109 510 1217 558 fore
1240 510 1292 557 in
1315 510 1465 557 armis
1488 514 1625 557 certo
1649 508 1882 570 die—qui
1908 506 1984 556 dia.
2050 504 2242 555 ?uturus

627 594 752 637 esse*
766 593 881 636 ante
897 588 1029 636 diem
1044 602 1109 636 vl.
1134 587 1246 636 Kal.
1273 587 1696 636 Novembris—O.
1720 587 1983 646 Manlium,
2006 585 2242 633 audaciae

624 667 886 715 satellitem
920 671 1071 727 atque
1110 666 1461 714 administrum
1498 667 1652 714 tuae?
1720 664 1852 712 Num
1902 680 1979 712 me
2023 664 2224 723 fefellit,

625 745 853 804 Catilina,
880 760 982 792 non
1006 744 1152 792 modo
1176 760 1252 792 res
1275 749 1429 805 tanta,
1459 749 1562 792 tarn
1595 749 1739 792 atrox
1775 747 1976 802 tamque
2013 741 2224 789 inm-edi·-

625 825 753 884 bilis,
781 824 1067 871 verum—id
1084 823 1219 886 quod
1237 824 1394 871 multo
1414 824 1566 885 magis
1581 827 1658 871 est
1675 820 2195 869 admirandum—dies
2212 822 2230 869 'l

625 904 744 951 Dixi
765 918 854 963 ego
876 903 1008 950 idem
1032 903 1083 950 in
1107 907 1282 950 senatu
1305 903 1506 951 caedem
1530 908 1579 950 te
1613 905 1932 965 optimatium
1954 903 2228 953 contulisse

626 983 677 1030 in
714 986 831 1029 ante
868 981 1001 1029 diem
1036 995 1079 1029 v.
1125 981 1380 1029 Kalendas
1419 982 1738 1040 Novembris,
1777 988 1889 1031 tum
1934 1000 2047 1031 cum
2087 981 2237 1030 multi

625 1061 870 1123 principes
903 1060 1120 1107 civitatis
1155 1060 1313 1108 Roma
1346 1076 1444 1108 non
1480 1065 1583 1109 tam
1615 1062 1694 1109 sui
1729 1062 2057 1110 conservandi
2081 1076 2234 1122 quam

627 1145 825 1187 tuorum
862 1137 1179 1185 consiliorum
1219 1137 1651 1199 reprimendorum
1690 1145 1843 1187 causa·
1882 1140 2229 1201 profugerunt.

627 1217 763 1264 Num
797 1215 998 1263 infitiari
1030 1220 1172 1277 potes
1204 1219 1254 1264 te
1288 1216 1375 1262 illo
1408 1216 1515 1278 ipso
1550 1216 1647 1276 die,
1677 1218 1799 1265 meis
1822 1217 2097 1279 praesidiis,
2125 1232 2238 1264 mea

627 1296 883 1356 diligentia
904 1293 1299 1353 circumclusum,
1328 1310 1638 1343 commovere
1661 1300 1713 1343 te
1746 1301 1920 1344 contra
1944 1295 2049 1343 rem
2072 1295 2236 1356 publi-

618 1390 723 1422 cam
742 1389 842 1420 non
860 1372 1095 1435 potuisse,
1120 1389 1232 1420 cum
1252 1379 1308 1420 tu
1328 1373 1543 1421 discessu
1563 1379 1859 1433 ceterorum,
1886 1384 2054 1422 nostra
2068 1378 2238 1422 tamen

615 1452 700 1513 qui
745 1451 1182 1526 remansissemus)
1211 1451 1386 1515 caede,
1420 1449 1476 1499 te
1519 1456 1812 1500 contentum
1857 1468 1962 1501 esse
2005 1452 2241 1504 dicebas?

615 1531 657 1578 8.
699 1530 865 1588 Quid?
898 1545 1010 1577 cum
1033 1535 1083 1577 te
1116 1530 1387 1578 Praeneste
1421 1529 1664 1578 Kalendis
1698 1530 1817 1592 ipsis
1854 1530 2229 1579 Novembribus

616 1613 969 1669 occupaturum
1004 1611 1248 1655 nocturno
1283 1608 1473 1668 impetu
1509 1624 1615 1656 esse
1649 1609 1935 1673 confideres.
1957 1602 2231 1656 sensistine

615 1687 752 1735 illam
770 1688 1012 1734 coloniam
1030 1703 1140 1735 meo
1164 1687 1306 1747 jussu
1330 1685 1494 1749 [meis]
1518 1688 2237 1750 praesidiiscustodiis„vigiliis
2310 1744 2317 1749 q

616 1781 722 1814 esse
760 1765 1036 1814 munitam?
1116 1766 1258 1812 Nihil
1292 1766 1409 1826 agis,
1449 1765 1577 1812 nihil
1612 1766 1816 1825 moliris,
1859 1766 1984 1813 nihil
2022 1767 2228 1826 cogitas,

614 1845 749 1906 quod
776 1861 874 1892 non
899 1861 989 1906 ego
1013 1861 1114 1892 non
1140 1845 1286 1893 modo
1310 1845 1522 1904 audiam,
1552 1845 1641 1893 sed
1665 1845 1816 1893 etiam
1837 1844 2038 1893 videam
2065 1845 2236 1907 plane*

616 1940 714 1987 que
750 1924 979 1971 sentiam.

1376 2050 1468 2100 IV.

678 2161 994 2220 Recognosce
1027 2161 1232 2209 tandem
1268 2178 1461 2209 mecum
1495 2166 1695 2210 noctem
1724 2162 1866 2209 illam
1890 2160 2199 2220 superiorem
2225 2176 2236 2209 ε

616 2240 718 2301 jam
752 2238 1010 2300 intelleges
1044 2239 1203 2286 multo
1227 2256 1308 2286 me
1342 2240 1546 2301 vigilare
1568 2241 1730 2288 acrius
1753 2240 1818 2287 ad
1842 2240 2057 2286 salutem
2081 2255 2235 2301 quam

579 2375 581 2377 v
616 2323 666 2365 te
688 2316 754 2364 ad
777 2317 1043 2377 perniciem
1067 2318 1138 2364 rei
1165 2317 1406 2378 publicae.
1459 2318 1584 2365 Dico
1606 2322 1659 2365 te
1683 2319 1848 2379 priore
1871 2321 2019 2365 nocte
2038 2318 2237 2365 venisse

616 2396 749 2443 inter
770 2395 1163 2442 falcarios—non
1186 2412 1327 2466 agam
1354 2396 1680 2464 obscure—in
1698 2396 1768 2444 M.
1790 2396 1975 2443 Laecae
2000 2395 2239 2442 domum·
2229 2432 2239 2452 ‚

615 2474 905 2523 convenisse
930 2474 1104 2522 eodem
1130 2457 1397 2550 compluris
1422 2491 1468 2536 θ]
1459 2475 1650 2522 usdem
1675 2474 1922 2523 amentiae
1939 2474 2239 2536 scelerisque

616 2554 786 2601 socios.
859 2553 998 2601 Num
1021 2569 1203 2616 negare
1226 2553 1415 2602 audes?
1479 2554 1600 2616 quid
1627 2554 1798 2602 taces?
1856 2554 2165 2614 convincam,
2194 2553 2238 2601 si

617 2647 782 2693 negas
856 2631 1020 2680 Video
1063 2632 1199 2680 enim
1244 2647 1351 2679 esse
1394 2632 1477 2679 hic
1522 2633 1575 2679 in
1622 2637 1799 2680 senatu
1849 2632 2107 2695 quosdam,
2151 2632 2241 2695 qui

615 2715 782 2760 tecam
799 2711 898 2758 una
916 2712 1137 2759 fuerunt.
1188 2712 1232 2759 9.
1275 2710 1318 2758 O
1337 2710 1388 2758 di
1411 2711 1753 2760 immortales!
1791 2711 1993 2759 ubinam
2014 2711 2241 2774 gentium
2338 2756 2340 2758 ,

618 2791 822 2839 sumus?
866 2791 921 2838 in
944 2806 1042 2852 qua
1067 2790 1192 2838 urbe
1215 2789 1467 2838 vivimus?
1512 2807 1663 2852 quam
1686 2781 1792 2839 rem
1817 2790 2070 2882 publicam
2092 2768 2371 2869 haboe43s22--153245
2425 2837 2427 2840 .
