2740 3320
641 356 714 413 xii

1245 370 1641 412 monuouon.

848 491 884 531 3.
918 484 1212 543 Speoulative
1224 487 1520 543 philosophy.

896 573 956 623 (a)
977 571 1073 612 The
1090 570 1374 613 Academias.

897 639 953 691 (b)
974 639 1041 680 De
1058 638 1250 679 Finibus
1269 638 1502 679 Bonorum
1521 640 1567 680 et
1586 639 1831 687 Malorum.

897 707 949 760 (c)
970 706 1249 748 Tusculanae
1267 706 1629 759 Disputationes.

842 791 881 833 4.
918 789 1163 842 Theoloqy.

893 872 952 925 (a)
971 873 1038 914 De
1056 872 1232 913 Natura
1245 873 1471 937 Deorum.

897 940 954 994 (b)
971 941 1038 982 De
1055 940 1367 983 Divinatione·

892 1008 945 1062 (o)
963 1009 1031 1050 De
1050 1009 1180 1050 Fato.

737 1124 803 1179 (O)
827 1125 1086 1161 orations.

890 1208 948 1261 (a)
968 1208 1054 1248 Pro
1074 1208 1273 1258 Quintio.

889 1276 944 1329 (b)
963 1277 1049 1316 Pro
1070 1276 1168 1317 Sex.
1192 1275 1370 1317 Roscio.

892 1345 944 1397 (o)
964 1343 1018 1384 In
1038 1343 1301 1384 Caecilium.

885 1413 944 1465 (d)
964 1412 1019 1452 In
1037 1411 1355 1453 Verrem-six
1375 1410 1607 1464 speeches.

865 1510 868 1517 ,
885 1481 935 1533 (e)
956 1481 1041 1521 Pro
1063 1480 1266 1521 Fonteio.

889 1549 950 1602 (f)
969 1549 1054 1589 Pro
1072 1548 1193 1599 Lege
1212 1547 1416 1589 Manilia..

884 1616 938 1669 (9)
963 1616 1049 1657 Pro
1069 1615 1292 1656 Cluentio.

824 1730 826 1733 y
882 1683 940 1735 (h)
960 1683 1015 1723 In
1035 1680 1436 1723 Catilinam-four
1456 1682 1688 1734 speeohes.

883 1751 946 1803 (i)
966 1752 1053 1791 Pro
1073 1751 1279 1792 Murena.

888 1819 945 1871 (j)
966 1819 1051 1859 Pro
1073 1818 1210 1859 Sulla.

885 1886 940 1938 (k)
960 1888 1047 1927 Pro
1067 1887 1251 1929 Archia.

882 1955 926 2007 (l)
948 1956 1036 1996 Pro
1061 1955 1227 1998 Cae-lio.

885 2025 959 2077 (m)
979 2025 1034 2065 In
1053 2025 1279 2067 Pisonem.

884 2093 944 2146 (n)
964 2093 1050 2133 Pro
1071 2093 1255 2134 Milone.

879 2162 933 2213 (α)
954 2162 1039 2201 Pro
1060 2160 1288 2202 Marcello.

877 2230 936 2283 (p)
957 2231 1043 2270 Pro
1061 2230 1258 2281 Ligario.

877 2297 933 2352 (q)
957 2299 1044 2338 Pro
1062 2298 1288 2339 Deiotaro.

875 2368 927 2420 (r)
944 2366 1180 2409 Orationes
1199 2366 1743 2420 Philippicae—fourteen
1770 2373 2003 2427 speecheS.

719 2481 790 2536 (D)
818 2482 1060 2528 nmmos,

873 2564 929 2617 (a)
951 2564 1021 2605 Ad
1039 2566 1320 2610 Familiares.

876 2634 931 2688 (b)
957 2634 1024 2681 Ad
1046 2634 1263 2677 Atticum.

873 2701 1015 2754 (o)>Ad
1034 2702 1253 2753 Quintum
1274 2704 1498 2749 Fratrem.

875 2769 933 2824 (d)
953 2768 1024 2812 Ad
1040 2770 1250 2813 Brutum.

2718 683 2740 943 ι-Δῦ-δθ-ΙΡΗ
