2764 3288
104 2186 115 2499 mmo-,Qam‘
107 2077 114 2148 .....
107 2064 111 2072 -
107 1928 116 2060 ...,...,,,,.,.

594 359 625 406 6
1300 372 1503 408 morae.

593 468 766 548 gratia,
804 486 939 550 quod
972 485 1099 534 hanc
1134 489 1237 534 tam
1270 489 1500 546 taetram,
1540 489 1645 534 tam
1679 485 1973 535 horribilem
2006 489 2208 549 tamque

591 563 826 612 infestam
848 565 918 613 rei
941 564 1168 626 publicae
1193 567 1386 624 pestem
1409 563 1596 611 totiens
1619 564 1722 626 jam
1749 564 2026 626 effugimus.
2091 562 2207 612 Non

591 647 668 690 est
690 643 886 704 saepius
918 644 972 690 in
1008 658 1105 691 uno
1138 642 1341 690 homine
1374 657 1571 690 summa
1604 642 1738 690 salus
1771 642 2102 705 periclitanda
2135 639 2205 692 rei

590 721 830 781 publicae.
902 720 1062 779 Quam
1085 721 1173 768 diu
1198 721 1317 785 mihi
1343 720 1535 768 consuli
1561 720 1837 781 designato,
1868 720 2104 781 Catilina,
2133 722 2200 769 in-

590 799 798 847 sidiatus
822 815 888 860 es,
915 816 925 846 ι
948 815 1013 846 on
1032 799 1230 860 publico
1248 815 1325 846 me
1343 798 1607 860 praesidiO,
1626 799 1714 846 sed
1733 800 1928 860 privata
1945 799 2207 861 diligentia.

590 876 806 925 defendi.
860 877 985 925 Cum
1004 877 1239 938 proximis
1257 877 1471 925 comitiis
1487 878 1829 925 consularibus
1849 894 1928 926 me
1952 879 2205 927 consulem

590 954 643 1002 in
675 971 847 1016 campo
881 960 929 1003 et
964 944 1313 1018 competitores
1347 959 1462 1003 tuos
1496 955 1778 1004 interficere
1812 955 2033 1016 voluisti,
2075 974 2205 1006 com-

590 1035 744 1095 pressi
767 1039 976 1082 conatus
1000 1038 1111 1082 tuos
1135 1034 1352 1081 nefarios
1376 1033 1647 1081 amicorum
1682 1035 1932 1096 praesidio
1955 1039 2006 1083 et
2029 1037 2198 1098 copiis,

589 1113 727 1160 nullo
761 1114 983 1161 tumultu
1017 1114 1214 1174 publice
1247 1113 1529 1161 concitato:
1567 1113 1801 1173 deniquo,
1829 1101 2204 1176 quotienscum-

587 1208 685 1254 que
717 1209 795 1240 me
829 1193 1015 1254 petisti,
1043 1190 1132 1254 per
1166 1207 1243 1240 me
1275 1192 1373 1240 tibi
1406 1191 1597 1251 obstiti,
1625 1207 1930 1253 quamquam
1967 1193 2204 1242 videbam

588 1272 858 1332 perniciem
894 1287 1051 1320 meam
1074 1287 1189 1320 cum
1220 1287 1398 1331 magna
1419 1271 1702 1319 calamitate
1737 1273 1809 1319 rei
1843 1272 2073 1333 publicae
2099 1289 2203 1322 esse

587 1352 918 1411 conjunctam.
995 1351 1065 1398 12.
1107 1350 1158 1397 Ν
1163 1366 1255 1398 unc
1277 1351 1383 1412 jam
1400 1355 1572 1412 aperte
1595 1365 1701 1398 rem
1724 1351 1975 1410 publicam
2003 1351 2201 1399 univer-

587 1445 691 1481 sam
708 1429 837 1491 petis
856 1445 867 1479 :
891 1429 1077 1490 templa
1095 1429 1300 1477 deorum
1321 1428 1696 1488 immortalium,
1713 1432 1845 1476 tecta
1866 1429 2020 1489 urbis,
2046 1430 2202 1478 vitam

587 1510 810 1555 omnium
843 1508 1040 1567 civium,
1078 1507 1277 1556 Italiam
1311 1505 1575 1570 [denique]
1609 1511 1769 1554 totam
1801 1506 1866 1555 ad
1901 1494 2113 1555 exitiur‘n
2146 1525 2202 1557 ac

588 1587 872 1633 vastitatem
897 1602 1052 1634 vocas,
1126 1586 1235 1644 Qua
1258 1602 1328 1642 re,
1357 1586 1594 1647 quoniam
1617 1584 1669 1632 id
1703 1586 1838 1648 quod
1861 1588 1939 1634 est
1964 1587 2198 1647 primum,

587 1669 638 1712 et
670 1665 806 1728 quod.
837 1665 990 1728 hujus
1023 1664 1200 1726 imperi
1233 1664 1622 1732 disciplinaeque
1658 1664 1909 1726 majorum
1942 1666 2204 1727 proprium

586 1748 678 1801 est,
702 1746 864 1792 facere
887 1745 1110 1791 nondum
1132 1744 1306 1804 audeo,
1337 1744 1514 1791 faciam
1537 1743 1588 1791 id
1621 1744 1757 1806 quod
1780 1747 1857 1791 est
1878 1745 1943 1792 ad
1965 1746 2200 1795 severita-

585 1827 689 1872 tem
711 1823 886 1889 lenius,
917 1827 969 1871 et
1001 1823 1063 1871 ad
1085 1838 1400 1870 communem
1422 1822 1636 1870 salutem
1661 1822 1849 1871 utilius.
1927 1823 2058 1872 Nam
2083 1825 2126 1872 si
2149 1830 2201 1874 te

585 1901 800 1950 interfici
823 1902 1033 1964 jussero,
1061 1901 1296 1950 residebit
1322 1901 1377 1948 in
1399 1916 1453 1949 re
1476 1901 1675 1963 publica
1698 1901 2196 1965 reliqua'conjurato-

585 1996 696 2030 rum
718 1997 908 2030 manus.
984 1981 1071 2029 Sin
1095 1985 1167 2038 tu,
1196 1981 1329 2043 quod
1353 1986 1404 2028 te
1436 1981 1542 2044 jam
1565 1980 1756 2027 dudum
1780 1981 1968 2038 hortor,
1999 1983 2195 2043 exieris,

584 2061 907 2110 exhaurietur
930 2076 993 2108 ex
1015 2061 1137 2108 urbe
1161 2064 1362 2107 tuorum
1386 2059 1625 2107 comitum
1648 2075 1829 2121 magua
1846 2063 1897 2107 et
1920 2062 2201 2122 perniciosa

584 2141 783 2188 sentina
806 2140 878 2187 rei
901 2139 1143 2201 pubiicae.
1175 2184 1181 2191 .

648 2219 720 2267 13.
763 2218 894 2276 Quid
918 2222 1008 2277 est,
1033 2216 1281 2267 Catilina?
1329 2232 1451 2264 num
1484 2215 1686 2265 dubitas
1717 2216 1770 2264 id
1804 2232 1886 2264 me
1919 2216 2200 2279 imperante

582 2298 757 2357 facere,
802 2295 937 2359 quod
975 2296 1076 2358 jam
1116 2300 1205 2343 tua
1241 2299 1420 2357 sponte
1458 2294 1711 2343 faciebas?
1774 2295 1931 2343 Exire
1972 2312 2033 2344 ex
2076 2298 2199 2347 urbe

581 2378 725 2439 jubet
749 2376 921 2424 consul
957 2376 1164 2423 hostem.
1236 2375 1523 2436 Interrogas
1557 2390 1653 2434 me,
1682 2390 1804 2422 num
1838 2374 1892 2422 in
1928 2375 2200 2426 exsilium?

583 2456 698 2504 Non
721 2456 875 2519 jubeo
895 2472 909 2515 3
944 2455 1047 2516 sed,
1074 2455 1117 2503 si
1141 2470 1221 2503 me
1243 2454 1479 2514 consulis,
1506 2453 1707 2502 suadeo.

1337 2580 1429 2629 VI.

644 2693 777 2752 Quid
802 2698 876 2742 est
899 2693 1049 2750 enim,
1075 2691 1306 2754 Catilina,
1336 2690 1467 2754 quod
1494 2694 1545 2740 te
1566 2692 1669 2755 jam
1694 2691 1747 2739 in
1769 2692 1864 2740 hac
1886 2693 2012 2743 urbe
2035 2693 2196 2744 delec-

580 2779 686 2822 tare
709 2775 901 2836 possit?
934 2773 989 2820 in
1017 2787 1116 2836 qua
1150 2788 1296 2820 nemo
1331 2776 1406 2820 est
1439 2776 1582 2820 extra
1616 2772 1762 2820 istam
1796 2774 2196 2837 conjurationem
