2796 3368
1102 391 1163 427 m
1194 392 1236 427 12.
1277 391 1563 427 0Ar1L1NAM
1596 394 1629 427 1.
2151 382 2179 429 9

562 507 873 555 concederes.
942 506 1091 555 Nunc
1125 508 1177 553 te
1211 506 1388 567 patria,
1415 521 1542 567 quae
1577 507 1853 555 communis
1888 511 1984 573 est,
1998 523 2178 569 parens

562 585 783 632 omnium
808 588 1050 642 nostrum,
1080 583 1185 630 odit
1209 598 1264 630 ac
1287 584 1483 642 metuit,
1511 592 1562 631 et
1585 585 1687 646 jam
1706 585 1795 632 diu
1818 589 1868 632 te
1892 584 2020 631 nihil
2044 584 2175 647 judi-

562 666 642 709 cat
674 662 770 709 nisi
803 663 867 711 de
899 661 1163 724 parricidio
1198 677 1288 709 suo
1322 663 1571 724 cogitare:
1608 664 1761 725 hujus
1786 668 1841 711 tu
1876 680 2040 725 neque
2065 680 2175 712 auc-

562 740 817 788 toritatem
873 741 1122 801 verebere,
1185 756 1276 788 nec
1342 740 1590 802 judicium
1645 757 1869 804 sequere,
1928 757 2020 790 nec
2078 742 2178 789 vim

561 818 881 879 pertimesces
903 819 920 866 ’ἒ

626 897 699 944 18.
740 897 878 955 Quae
922 901 1102 965 tecum,
1142 897 1374 957 Catilina,
1412 898 1480 945 sic
1524 898 1643 959 agit,
1682 902 1733 946 et
1766 897 1984 960 quodam
2027 899 2176 946 modo

561 976 714 1023 tacita
745 977 998 1037 loquitur:
1041 977 1135 1023 ,‘N
1139 978 1295 1025 ullum
1329 978 1434 1040 jam
1465 977 1833 1039 aliquotannis
1868 977 2060 1025 facinus
2095 994 2177 1025 ex-

556 1046 692 1103 stitit
716 1057 811 1104 nisi
846 1073 933 1118 per
954 1061 1021 1116 te,
1050 1058 1245 1104 nullum
1277 1055 1521 1118 flagitium
1546 1057 1654 1104 sine
1678 1061 1762 1107 te:
1799 1058 1892 1106 tibi
1928 1059 2016 1104 uni
2051 1058 2175 1105 mul-

561 1139 725 1182 torum
768 1136 951 1182 civium
995 1151 1155 1192 neces,
1195 1136 1290 1182 tibi
1324 1136 1523 1183 vexatio
1561 1136 1876 1197 direptioque
1925 1137 2174 1183 sociorum

560 1213 808 1275 impunita
845 1213 942 1260 fuit
975 1229 1032 1260 ac
1071 1213 1257 1260 libera:
1310 1218 1368 1260 tu
1393 1229 1509 1261 vnon
1542 1214 1702 1262 solum
1744 1214 1806 1261 ad
1840 1214 2176 1276 neglegendas

560 1291 695 1352 leges
727 1296 776 1339 et
811 1292 1142 1354 quaestiones,
1172 1308 1346 1339 verum
1371 1292 1519 1339 etiam
1545 1292 1607 1339 ad
1632 1293 1927 1340 evertendas
1963 1293 2175 1354 perfrin-

559 1370 845 1432 gendasque
879 1371 1092 1418 valuisti.
1167 1371 1435 1431 Superiora
1473 1371 1574 1428 illa,
1620 1387 1921 1433 quamquam
1964 1372 2174 1419 ferenda

560 1465 665 1497 non
697 1451 917 1509 fuerunt,
949 1454 1134 1505 tamen,
1161 1455 1217 1496 ut
1239 1449 1398 1510 potui,
1427 1450 1554 1498 tuli:
1591 1466 1724 1497 nunc
1747 1466 1864 1497 vero
1900 1467 1979 1497 me
2013 1455 2173 1503 totam

561 1544 668 1577 esse
691 1528 743 1575 in
766 1533 904 1576 metu
927 1533 1131 1590 propter
1154 1545 1309 1575 unum
1334 1534 1401 1588 te,
1424 1529 1662 1590 quicquid
1681 1529 1985 1590 increpuerit
2005 1529 2174 1577 Catili-

560 1623 678 1654 nam
700 1607 883 1666 timeri,
903 1607 1097 1654 nullum
1121 1608 1280 1655 videri
1304 1613 1477 1655 contra
1501 1624 1579 1655 me
1603 1608 1864 1655 consilium
1888 1608 2004 1654 iniri
2029 1625 2174 1669 posse

561 1674 696 1747 quod
721 1702 747 1732 a
782 1690 872 1732 tuo
904 1685 1086 1732 scelere
1119 1685 1402 1744 abhorreat,
1431 1701 1533 1733 non
1558 1690 1633 1733 est
1657 1686 1936 1733 ferendum.
2011 1687 2172 1743 Quam

561 1765 627 1810 ob
659 1779 764 1811 rem
797 1763 1009 1823 discede,
1049 1768 1199 1825 atque
1233 1764 1368 1810 hunc
1402 1764 1523 1811 mihi
1557 1764 1788 1811 timorem
1823 1765 1990 1825 eripe:
2034 1766 2076 1811 si
2101 1770 2175 1812 est

561 1859 723 1901 verus,
768 1859 832 1890 ne
869 1843 1149 1904 opprimam
1206 1843 1283 1890 sin
1327 1843 1497 1903 falsus,
1548 1848 1606 1891 ut
1649 1843 1853 1891 tandem
1899 1834 2171 1907 aliquan’do

561 1922 740 1970 timere
766 1920 1029 1969 desinam.'

1294 2046 1440 2095 VIII.

626 2158 698 2205 19.
738 2156 879 2204 Haec
911 2156 951 2203 si
974 2159 1153 2215 tecum,
1185 2160 1241 2203 ut
1265 2155 1388 2216 dixi,
1416 2156 1577 2217 patria
1599 2156 1846 2220 loquatur,
1878 2173 2045 2205 nonne
2082 2157 2172 2204 im-

560 2241 756 2299 petrare
780 2236 975 2295 debeat,
1004 2235 1155 2283 etiam
1179 2236 1221 2283 si
1246 2237 1347 2282 vim
1371 2235 1609 2283 adhibere
1634 2254 1735 2284 non
1760 2238 1951 2297 possit?
2020 2237 2172 2296 Quid,

560 2316 696 2379 quod
728 2319 785 2362 tu
807 2319 860 2362 te
883 2314 985 2375 ipse
1011 2314 1063 2361 in
1087 2315 1366 2362 custodiam
1400 2315 1581 2362 dedisti
1599 2317 1616 2362 ’.2
1651 2315 1785 2378 quod
1812 2315 2044 2363 vitandae
2070 2332 2174 2362 sus-

559 2394 766 2458 pitionis
799 2408 960 2453 causa,
987 2392 1051 2440 ad
1075 2392 1160 2441 M'.
1194 2393 1441 2455 Lepidum
1474 2398 1524 2442 te
1559 2394 1787 2441 habitare
1813 2393 1941 2441 velle
1967 2393 2176 2441 dixisti?

560 2492 590 2524 a
611 2489 711 2535 quo
733 2488 835 2519 non
858 2476 1084 2533 receptus
1108 2472 1259 2519 etiam
1282 2471 1346 2518 ad
1379 2488 1455 2519 me
1479 2471 1649 2520 venire
1673 2487 1821 2518 ausus
1847 2488 1912 2528 es,
1945 2476 2097 2533 atque
2125 2476 2179 2518 ut

560 2551 696 2601 domi
721 2566 858 2598 meae
880 2554 931 2598 te
952 2550 1267 2597 adservarem
1292 2551 1489 2611 rogasti.
1588 2549 1711 2598 Cum
1736 2567 1766 2596 a
1789 2566 1866 2597 me
1891 2566 2091 2612 quoque
2127 2550 2178 2597 id

560 2647 852 2693 responsum
877 2630 1087 2685 tulisses,
1118 2646 1197 2677 me
1222 2630 1361 2677 nullo
1387 2630 1531 2677 modo
1557 2629 1873 2691 posseisdem
1898 2629 2177 2690 parietibus

559 2713 673 2758 tuto
695 2726 800 2758 esse
824 2714 1003 2767 tecum,
1031 2709 1117 2769 qui
1142 2724 1320 2767 magno
1346 2709 1399 2755 in
1423 2709 1640 2768 periculo
1665 2724 1824 2755 essem
1848 2708 1983 2769 quod
2018 2708 2180 2755 isdem

558 2789 821 2840 moenibus
838 2787 1224 2847 contineremur,
1244 2787 1306 2834 ad
1324 2786 1382 2846 Q.
1399 2787 1661 2835 Metellum
1678 2790 1962 2850 praetorem
1981 2785 2180 2843 venisti:
