2772 3368
1058 402 1118 438 IN
1151 404 1194 438 L.
1239 403 1523 438 omnnium
1554 405 1587 440 1.
2071 394 2132 442 13

1281 517 1373 565 ΧΙ.

581 643 746 701 Nunc,
770 646 824 690 ut
843 659 870 689 a.
890 659 982 701 me,
1005 646 1172 704 patres
1189 643 1474 705 conscripti,
1496 644 1747 707 quandam
1768 660 1920 706 prope
1938 644 2126 707 J'ustam

519 723 705 781 patriae
759 723 1122 783 querimoniam
1177 721 1396 769 detester
1452 738 1506 769 ac
1562 723 1813 784 deprecer,
1863 724 2118 785 percipite,

519 803 716 859 quaeso,
751 799 1005 858 liligenter
1021 815 1148 860 quae
1172 800 1346 855 dicam,
1368 805 1419 847 et
1443 816 1501 848 ea
1523 802 1723 862 penitus
1741 801 1921 848 animis
1944 802 2123 848 vestris

521 878 870 939 mentibusque
904 879 1150 925 mandate.
1242 878 1446 925 Etenim
1480 880 1522 926 si
1555 895 1750 927 mecum
1786 881 1962 941 patria,
2002 896 2128 943 quae

521 955 642 1000 mihi
666 956 768 1002 vita
791 972 899 1002 mea
932 957 1091 1002 multo
1116 962 1190 1003 est
1226 958 1394 1016 carior,
1427 958 1469 1003 si
1493 962 1672 1004 cuncta
1704 957 1869 1016 Italia,
1900 957 1943 1004 si
1965 958 2128 1005 omnis

520 1051 598 1081 res
620 1034 829 1095 publica,
854 1035 1088 1095 loquatur
1110 1052 1119 1083 :
1162 1036 1263 1082 ιΜ.
1296 1036 1445 1095 Tulli,
1474 1036 1595 1097 quid
1618 1037 1721 1096 agis
1742 1037 1760 1084 2
1825 1036 1966 1084 Tune
1991 1052 2120 1096 eum,

519 1129 666 1175 quem
690 1129 795 1160 esse
819 1113 1341 1174 hostem-comperisti,
1371 1131 1521 1176 quem
1545 1115 1722 1162 ducem
1750 1115 1870 1162 belli
1894 1117 2123 1163 futurum

521 1191 672 1250 vides,
712 1206 860 1252 quem
894 1193 1166 1252 exspectari
1210 1192 1559 1252 imperatorem
1599 1193 1653 1239 in
1692 1193 1865 1240 castris
1903 1194 2124 1239 hostium

520 1272 691 1330 sentis,
718 1275 971 1317 auctorem
1005 1271 1224 1330 sceleris,
1250 1272 1525 1332 principem
1550 1273 1926 1334 csmjurationis,
1959 1289 2127 1320 evoca-

520 1355 681 1397 torem
714 1365 968 1396 servorum
1004 1354 1054 1397 et
1089 1350 1275 1396 civium
1309 1351 1636 1411 perditorum,
1667 1352 1802 1398 exire
1839 1353 2044 1412 patiere,
2074 1355 2128 1398 ut

520 1430 608 1477 abs
640 1433 691 1476 te
724 1444 824 1475 non
859 1429 1066 1475 emissus
1090 1445 1150 1475 ex
1176 1430 1314 1489 urbe,
1343 1430 1430 1476 sed
1466 1430 1713 1477 immissus
1737 1431 1789 1477 in
1814 1431 1989 1478 urbem
2023 1447 2128 1478 esse

522 1497 786 1555 videatur?
849 1506 966 1553 Non
1005 1507 1137 1553 huno
1177 1508 1229 1553 in
1271 1508 1465 1554 vincula
1504 1508 1635 1567 duci,
1684 1524 1785 1555 non
1821 1509 1883 1556 ad.
1910 1512 2127 1556 'mortem

521 1587 640 1648 rapi,
669 1602 770 1632 non
794 1601 985 1632 summo
1012 1586 1256 1646 supplicio
1282 1586 1486 1633 mactari
1509 1587 1812 1647 imperabis?
1879 1588 1953 1634 28.
1997 1587 2126 1645 Quid

519 1665 724 1713 tandem
742 1668 791 1710 te
810 1663 1018 1724 impedit
1039 1664 1057 1711 2
1099 1663 1279 1711 Mosne
1298 1664 1543 1726 majorum
1563 1665 1580 1711 2
1626 1665 1694 1710 At
1717 1680 1953 1726 persaepe
1978 1665 2126 1712 etiam

520 1741 702 1805 pri'vati
735 1743 787 1788 in
819 1742 910 1789 hae
945 1758 997 1789 re
1031 1743 1232 1803 publica
1267 1743 1568 1803 perniciosos
1604 1744 1724 1790 civis
1761 1748 1919 1791 morte
1947 1744 2126 1791 multa-

522 1826 715 1871 verunt.
785 1824 867 1868 An
889 1822 1037 1882 leges,
1067 1838 1194 1883 quae
1219 1821 1281 1868 de
1304 1822 1488 1868 civium
1522 1822 1865 1869 Romanorum
1888 1824 2148 1884 supplicios

520 1906 718 1963 rogatae
741 1900 893 1948 sunt?
958 1901 1027 1947 At
1049 1916 1322 1962 numquam
1346 1900 1398 1946 in
1423 1900 1512 1947 hac
1539 1901 1661 1946 urbe
1684 1901 1771 1962 qui
1804 1917 1833 1948 a
1856 1916 1907 1948 re
1931 1901 2130 1963 publica

520 1981 809 2027 defecerunt
831 1978 1014 2026 civium
1038 1981 1150 2040 Jura
1175 1983 1463 2025 tenuerunt.
1537 1980 1613 2024 An
1639 1978 1883 2025 invidiam
1918 1980 2126 2041 posteri-

519 2059 636 2106 tatis
679 2057 859 2104 times?
945 2057 1259 2103 Praeclaram
1303 2072 1420 2103 vero
1467 2057 1649 2117 populo
1699 2057 1927 2103 Romano
1972 2059 2128 2104 refers

518 2137 740 2199 gratiam,
784 2136 870 2197 qui
909 2140 961 2183 te
1000 2136 1256 2183 hominem
1295 2151 1381 2196 per
1421 2140 1472 2182 te
1506 2135 1778 2195 cognitum,
1821 2137 1958 2183 nulla
2000 2153 2127 2184 oom-

518 2217 835 2265 mendatione
858 2216 1118 2277 majorum,
1149 2219 1256 2262 tam
1280 2219 1473 2261 mature
1497 2215 1558 2261 ad
1585 2231 1837 2262 summum
1863 2215 2128 2277 imperium

516 2313 605 2359 per
626 2296 788 2343 omnis
810 2295 1056 2342 honorum
1080 2294 1260 2355 gradus
1284 2294 1480 2352 extulit,
1506 2294 1547 2340 si
1570 2299 1776 2355 propter
1800 2295 2018 2342 invidiae
2042 2301 2128 2342 aut

516 2376 728 2437 alicujus
762 2357 969 2437 periculi
1004 2378 1194 2420 metum
1219 2373 1431 2420 salutem
1455 2373 1639 2420 civium
1664 2376 1864 2419 tuorum
1888 2374 2119 2434 neglegis.

515 2457 590 2504 29.
632 2455 731 2503 Sed
753 2444 929 2521 sifiuis
954 2459 1030 2501 est
1064 2453 1284 2500 invidiae
1320 2457 1499 2511 metus,
1529 2468 1652 2499 num
1682 2457 1756 2499 est
1784 2452 2128 2500 vehementius

514 2518 885 2584 severitatis'ac
924 2532 1240 2581 fortitudinis
1283 2532 1471 2580 invidia
1506 2548 1656 2595 quam
1696 2532 1908 2580 inertiae
1950 2549 2007 2589 ac
2044 2548 2127 2580 ne-

510 2615 699 2677 quitiae
722 2612 1155 2675 pertimescenda?
1222 2612 1305 2659 An
1328 2628 1441 2659 oum
1474 2610 1606 2658 bello
1643 2611 1941 2658 vastabitur·
1959 2611 2120 2671 Italia,

509 2694 827 2742 vexabuntur
861 2691 1024 2749 urbes,
1053 2694 1185 2738 tecta.
1208 2689 1474 2746 ardebunt,
1503 2692 1613 2735 tum
1648 2691 1698 2734 te
1732 2702 1837 2734 non
1872 2687 2129 2737 existimas

509 2771 727 2820 invidiae
750 2769 983 2818 incendio
1008 2768 1430 2830 conflagraturum
1452 2765 1493 2813 ’ζ’

2688 635 2708 710 22?ss
2689 595 2706 620 x
2701 571 2703 574 -

2690 1160 2706 1188 ³⁰:
2691 1141 2704 1153 z
2688 810 2716 1125 222‘5212733315723752‘52553
2702 755 2719 802 τῖς,
2689 741 2691 745 ’
2701 706 2713 721 „-

2656 772 2661 781 ’·
2654 577 2677 750 *zwffvzfflrr‘
2656 485 2678 563 *115*ss
