2772 3368
681 417 742 466 10
1376 427 1582 465 monuo.

679 561 707 591 a
738 559 838 607 quo
869 542 1157 605 repudiatus
1189 542 1255 591 ad
1287 542 1507 592 sodalem
1540 546 1700 603 tuum,
1732 542 1893 591 virum
1917 543 2182 605 optimum,
2206 542 2279 592 M.

680 624 969 671 Marcellum
994 623 1280 683 demigrasti
1303 639 1315 681 ;
1348 638 1497 685 quem
1520 626 1577 669 tu
1601 622 1833 670 videlicet
1856 626 1907 669 et
1925 622 1988 669 ad
2006 620 2285 669 custodien-

680 704 796 751 dum
819 700 912 765 [te]
934 701 1381 762 diligentissimum
1387 705 1437 748 et
1459 701 1521 749 ad
1545 701 1896 763 suspicandum
1920 700 2285 762 sagacissimum

680 776 814 824 etad
835 774 1188 857 giudicandum
1223 774 1550 821 fortissimum
1573 775 1690 822 fore
1724 774 1927 836 putasti.
1973 741 2100 821 ”Sed
2134 789 2284 836 quam

679 834 850 921 1οηΞὲ
853 842 1058 901 videtur
1088 869 1117 900 a
1150 868 1343 900 carcere
1377 856 1528 914 atque
1561 869 1596 906 a
1623 852 1837 900 vinculis
1870 831 2067 900 ab5sse
2081 842 2277 912 debere,

679 934 763 996 qui
787 948 839 979 se
862 932 964 993 ipse
985 931 1090 993 jam
1108 931 1315 991 dignum
1332 931 1558 978 custodia
1575 930 1847 992 judicarit?
1904 932 1979 979 20.
2020 905 2159 988 Quae
2173 946 2284 978 cum

680 1013 749 1059 ita
770 1011 888 1069 sint,
907 1010 1134 1068 Catilina,
1157 1009 1372 1068 dubitas,
1397 1009 1437 1055 si
1457 1009 1612 1078 emori
1629 1024 1789 1071 aequo
1812 1009 1979 1056 animo
1996 1025 2099 1056 non
2123 1013 2277 1070 potes,

679 1091 812 1137 abire
845 1089 896 1135 in
928 1088 1116 1149 aliquas
1150 1092 1323 1147 terras,
1352 1091 1403 1135 et
1437 1088 1592 1135 vitam
1627 1087 1787 1147 istam,
1819 1087 1991 1134 multis
2025 1087 2284 1149 suppliciis

672 1168 824 1238 justis
850 1167 1128 1229 debitisque
1154 1171 1391 1225 ereptam,
1422 1167 1569 1226 fugae
1593 1166 1958 1229 solitudinique
1982 1167 2253 1214 mandare?

743 1244 950 1292 ‘Refer'
987 1244 1152 1306 inquis
1193 1243 1283 1290 ‘ad
1304 1240 1563 1293 senihtum
1578 1242 1588 1263 '
1636 1244 1687 1291 id
1713 1244 1845 1292 enim
1873 1245 2111 1304 postulas,
2143 1248 2207 1305 et,
2239 1243 2283 1292 si

676 1324 754 1372 hic
771 1325 891 1371 ordo
904 1325 1103 1393 placere
1128 1301 1405 1370 decreverit
1439 1327 1489 1369 te
1513 1322 1585 1369 ire
1616 1323 1668 1369 in
1694 1323 1943 1380 exsilium,
1971 1324 2283 1384 obtempera-

673 1408 842 1450 tulum
875 1395 923 1452 te
958 1418 1063 1449 esse
1097 1402 1234 1449 dicis,
1306 1401 1425 1448 Non
1459 1403 1684 1461 referam,
1726 1402 1778 1449 id
1811 1402 1948 1464 quod.
1980 1404 2219 1452 abhorret
2255 1421 2285 1452 a

675 1481 1066 1537 meis,m0ribus;
1101 1484 1152 1526 et
1186 1484 1355 1527 tamen
1389 1480 1567 1527 faciam
1602 1484 1658 1527 ut
1693 1481 1957 1541 intellegas
1979 1481 2103 1544 quid
2142 1482 2284 1531 hide

673 1564 722 1607 te
744 1560 976 1606 sentiant.
1039 1558 1289 1619 Egredere
1313 1552 1376 1605 ex
1401 1560 1537 1617 urb-e,
1564 1558 1809 1616 Catilina3
1848 1558 2005 1606 libera
2028 1576 2135 1607 rem
2160 1561 2283 1622 pub-

673 1639 817 1685 licam
852 1643 1020 1694 metu;
1056 1638 1106 1683 in
1130 1637 1377 1696 exsilium,
1406 1637 1448 1684 si
1483 1638 1616 1684 hanc
1650 1653 1821 1685 vocem
1859 1643 2133 1699 exspectas,
2173 1656 2283 1700 pro-

674 1717 897 1764 ficiscere.
987 1715 1118 1773 Quid
1159 1721 1248 1775 est,
1291 1716 1546 1764 Catilina?
1590 1716 1767 1778 ecquid
1805 1717 2060 1765 attendis?
2107 1717 2283 1780 ecquid

672 1796 1026 1843 animadvertis
1049 1795 1228 1841 horum
1252 1795 1543 1843 silentium‘.2
1598 1795 1886 1854 Patiuntur,
1908 1799 2088 1844 tacent.
2154 1797 2287 1855 Quid

674 1879 925 1934 exspectas
959 1873 1309 1920 auctoritatem
1344 1873 1674 1934 loquentium,
1718 1889 1934 1934 quorum
1968 1875 2285 1922 voluntatem

674 1954 937 2001 tacitorum
961 1952 1196 2014 perspicis
1217 1953 1233 1999 2
1288 1953 1363 2000 21.
1408 1953 1474 1998 At
1498 1952 1539 1999 si
1564 1953 1655 1999 hoc
1679 1953 1811 1999 idern
1836 1952 1953 2000 huic
1976 1953 2287 2003 adulescenti

674 2033 860 2095 optimo
883 2033 938 2080 P.
966 2032 1142 2091 Sestio,
1166 2032 1207 2078 si
1231 2031 1507 2078 fortissimo
1530 2032 1639 2079 viro
1664 2032 1735 2079 M.
1762 2032 2001 2080 Marcello
2025 2033 2282 2091 dixissem,

672 2114 773 2174 jam
800 2112 919 2159 mihi
943 2111 1150 2170 consuli,
1180 2111 1271 2157 hoc
1290 2112 1397 2172 ipso
1422 2112 1475 2157 in
1498 2111 1700 2171 templQ
1730 2113 1935 2158 senatus
1958 2111 2072 2174 jure
2096 2113 2287 2173 optimo

673 2192 773 2238 vim
813 2195 861 2237 et
903 2205 1079 2236 manus
1121 2189 1386 2236 intulisset.
1461 2189 1539 2236 De
1580 2193 1630 2236 te
1668 2193 1856 2248 autem,
1898 2189 2133 2249 Catilina,
2172 2207 2287 2240 cum

672 2271 948 2333 quiescunt,
998 2269 1211 2329 probant
1236 2285 1245 2317 ε
1312 2284 1425 2315 cum
1471 2268 1749 2329 patiuntur,
1800 2269 2080 2317 decernunt
2102 2285 2112 2319 ι
2169 2287 2284 2319 cum

673 2354 852 2406 tacent,
880 2348 1107 2395 clamant.
1185 2347 1363 2408 Neque
1387 2347 1440 2394 hi
1465 2347 1929 2410 solum,—quorum
1955 2349 2048 2396 tibi
2074 2351 2287 2398 auctori-

673 2433 748 2475 tas
772 2431 847 2492 est
871 2426 1099 2474 videlicet
1115 2441 1244 2484 cara,
1268 2426 1373 2474 vita
1388 2427 1802 2486 vilissima,—-sed
1826 2428 1975 2475 etiam
1998 2428 2083 2493 illi
2093 2429 2288 2491 equites

673 2504 900 2564 Romani,
930 2504 1266 2551 honestissimi
1301 2508 1452 2566 atque
1487 2505 1663 2565 optimi
1688 2505 1797 2560 viri,
1826 2507 2082 2569 ceterique
2116 2508 2284 2557 fortis-

673 2583 786 2631 simi
819 2583 964 2640 cives,
993 2583 1077 2644 qui
1114 2583 1436 2630 circumstant
1477 2588 1722 2643 senatum,
1761 2600 1974 2646 quorum
2009 2590 2068 2633 tu
2103 2590 2153 2634 et
2187 2587 2288 2635 frc-

674 2663 928 2726 quentiarn
953 2662 1120 2710 videre
1145 2666 1196 2709 et
1225 2662 1394 2709 studia
1417 2663 1696 2722 perspicere
1720 2666 1770 2710 et
1795 2679 1940 2711 voces
1975 2665 2126 2726 paulo
2162 2671 2283 2716 ante

674 2741 907 2790 exaudire
932 2740 1152 2802 potuisti.
1217 2741 1440 2799 Quorum
1465 2757 1555 2803 ego
1577 2742 1773 2789 vix-abs
1792 2745 1844 2789 te
1868 2742 1968 2804 jam
1995 2743 2085 2791 diu
2110 2760 2287 2794 manus

674 2835 728 2868 :ic
752 2818 849 2866 tela
871 2818 1117 2877 contineo,
1149 2819 1347 2867 eosdem
1381 2814 1526 2867 facile
1549 2818 1804 2879 adducam,
1840 2824 1897 2868 ut
1918 2825 1968 2869 te
1993 2821 2132 2882 hacc,
2156 2838 2287 2888 quae
