2796 3368
664 439 669 445 '
714 441 744 488 8
1419 453 1618 491 ommno·

714 583 875 629 neque
906 572 1077 617 tamen
1099 568 1266 616 conari
1289 584 1346 617 ac
1368 569 1735 626 velleffdesistis.
1829 570 1902 617 16.
1947 568 2190 627 Quotiens
2226 568 2320 617 tibi

712 647 817 707 jam
850 650 1048 694 extorta
1079 651 1153 695 est
1188 647 1282 695 ista
1314 647 1414 695 sica
1445 647 1508 695 de
1536 648 1765 695 manibus
1790 649 1800 696 Ξ
1835 648 2068 710 quotiens
2092 663 2211 695 vero
2237 664 2319 695 ex-

712 724 836 772 cidit
856 740 969 772 casu
994 725 1160 786 aliquo
1184 730 1234 772 et
1257 725 1421 787 elapsa
1443 729 1517 773 est
1543 728 1553 774 l
1631 724 1840 789 [Tamen
1863 735 1922 773 ea
1944 741 2109 773 carere
2131 725 2322 773 diutius

710 819 815 850 non
847 802 1031 866 potes‚]
1064 820 1190 866 quae
1222 805 1425 865 quidem
1458 804 1639 865 quibus
1670 805 1758 852 abs
1781 808 1831 852 te
1867 804 2066 852 initiata
2088 804 2240 852 sacris
2262 821 2319 854 ac

709 881 889 928 devota
911 881 980 928 sit
1004 882 1181 941 nescio,
1210 881 1344 944 quod
1367 897 1475 929 eam
1498 897 1697 930 necesse
1720 886 1866 943 putas
1891 898 1997 931 esse
2019 882 2074 929 in
2098 883 2317 939 consulis

710 969 914 1022 co'rpore
938 960 1119 1021 defigei
1127 976 1168 1008 e.

773 1180 920 1227 Nunc
943 1194 1062 1226 vero
1084 1193 1212 1239 quae
1233 1182 1320 1226 tua
1343 1182 1418 1225 est
1440 1178 1537 1225 ista
1558 1178 1699 1226 vita?
1763 1178 1844 1227 Sic
1868 1180 2003 1228 enim
2024 1181 2129 1243 jam
2152 1185 2318 1229 tecum

708 1259 897 1320 loquar,
925 1273 1029 1304 non
1052 1261 1108 1303 ut
1141 1257 1254 1304 odio
1277 1261 1532 1319 permotus
1556 1274 1662 1304 esse
1686 1258 1870 1319 videar,
1899 1275 1999 1321 quo
2028 1261 2205 1316 dohec,
2231 1260 2318 1308 sed

709 1342 765 1385 ut
801 1337 1151 1395 misericordia,
1179 1352 1305 1398 quae
1338 1338 1431 1384 tibi
1465 1336 1603 1384 nulla
1633 1337 1858 1386 debetur.
1934 1338 2133 1387 Venisti
2168 1340 2317 1401 paulo

706 1421 826 1464 ante
848 1416 899 1463 in
923 1420 1165 1462 senatum.
1239 1415 1360 1473 Quis
1384 1420 1434 1463 te
1458 1432 1520 1462 ex
1542 1415 1635 1463 hac
1657 1420 1799 1464 tanta
1820 1406 2121 1480 frequentia,
2152 1423 2230 1466 tot
2253 1434 2314 1466 ex

706 1496 809 1542 tuis
830 1495 999 1542 amicis
1021 1510 1074 1541 ac
1096 1494 1384 1541 necessariis
1406 1494 1678 1543 salutavit?
1723 1495 1775 1543 Si
1799 1496 1894 1543 hoc
1916 1500 2028 1557 post
2051 1497 2314 1545 hominum

706 1573 996 1619 memoriam
1017 1557 1226 1632 contigit
1258 1572 1463 1631 nemini,
1494 1573 1624 1620 vocis
1648 1578 1904 1634 exspectas
1935 1575 2313 1633 contumeliam,

705 1667 818 1699 cum
841 1652 905 1698 sis
923 1650 1211 1711 gravissimo
1233 1649 1422 1712 judicio
1448 1650 1805 1698 taciturnitatis
1824 1667 2089 1712 oppressus
2109 1653 2128 1700 2
2161 1652 2309 1713 Quid,

703 1730 838 1791 quod
876 1730 1099 1777 adventu
1137 1732 1224 1775 tuo
1263 1729 1359 1775 ista
1392 1728 1626 1776 subsellia
1661 1730 1949 1777 vacuefacta
1983 1730 2138 1778 sunt?
2180 1731 2316 1793 quod

704 1825 874 1856 omnes
907 1808 1207 1865 consulares,
1235 1807 1323 1868 qui
1354 1807 1447 1854 tibi
1482 1823 1718 1868 persaepe
1741 1808 1804 1855 ad
1827 1808 2029 1856 caedem
2053 1810 2316 1858 constituti

703 1888 923 1946 fuerunt,
954 1885 1101 1933 simul
1124 1889 1273 1947 atque
1297 1885 1549 1944 adsedisti,
1574 1889 1767 1946 partem
1791 1886 1939 1933 istam
1961 1887 2315 1934 subselliorum
2336 1908 2340 1912 ·

703 1967 887 2013 nudam
911 1970 1063 2028 atque
1085 1964 1287 2011 inanem
1313 1965 1640 2025 reliquerunt,
1672 1981 1769 2026 quo
1792 1965 1997 2013 tandem
2029 1966 2197 2013 animo
2220 1966 2315 2013 tibi

701 2046 966 2093 ferendum
999 2044 1178 2106 putas?
1244 2043 1322 2095 17.
1359 2044 1501 2091 Servi
1535 2044 1860 2106 (mehercule)
1896 2045 1991 2092 mei
2026 2045 2068 2091 si
2103 2060 2183 2092 me
2218 2045 2315 2092 isto

701 2129 844 2186 pacto
866 2126 1167 2180 metuerent,
1195 2126 1251 2169 ut
1284 2126 1335 2169 te
1369 2126 1602 2169 metuunt
1634 2137 1809 2170 omnes
1831 2122 1964 2169 cives
1989 2123 2080 2182 tui,
2113 2123 2314 2170 domum

701 2220 859 2252 meam
876 2202 1255 2264 relinquendam
1270 2206 1517 2263 putarem:
1537 2206 1592 2249 tu
1609 2201 1704 2249 tibi
1720 2202 1896 2249 urbem
1912 2217 2012 2248 non
2030 2202 2316 2251 arbitraris?

700 2288 768 2340 et,
791 2283 831 2329 si
849 2299 929 2328 me
949 2281 1068 2327 meis
1087 2280 1276 2327 civibus
1296 2280 1481 2341 injuria
1500 2284 1784 2342 suspectum
1804 2284 1908 2326 tam
1925 2280 2145 2341 graviter
2162 2287 2314 2341 atque

699 2362 943 2409 offensum
968 2359 1202 2418 viderem,
1224 2374 1389 2406 carere
1413 2374 1492 2405 me
1516 2361 1716 2419 aspectu
1740 2359 1925 2405 civium
1947 2373 2098 2419 quam
2121 2357 2319 2405 infestis

699 2440 923 2487 omnium
966 2437 1120 2484 oculis
1159 2436 1374 2497 conspici
1419 2436 1629 2484 mallem.
1718 2436 1808 2495 Tu,
1860 2452 1971 2483 cum
2015 2435 2319 2483 conscientia

696 2519 938 2567 scelerum
962 2522 1163 2564 tuorum
1186 2531 1421 2576 agnoscas
1446 2515 1619 2563 odium
1645 2516 1872 2562 omnium
1907 2515 2105 2578 justum
2130 2518 2181 2561 et
2215 2515 2315 2576 jam

696 2598 782 2646 diu
814 2597 909 2644 tibi
945 2596 1185 2654 debitum,
1216 2595 1417 2642 dubitas
1441 2610 1655 2656 quorum
1690 2595 1874 2642 mentis
1907 2587 2183 2656 sensusque
2210 2593 2312 2640 vol-

694 2692 851 2736 neras,
896 2691 1068 2723 eorum
1108 2679 1363 2736 aspectum
1402 2674 1836 2735 praesentiamque
1875 2673 2036 2720 vitare
2057 2674 2074 2720 2
2162 2671 2217 2719 Si
2263 2676 2315 2720 te

694 2759 928 2818 parentes
968 2754 1205 2801 timerent
1255 2756 1406 2814 atque
1458 2751 1681 2800 odissent
1724 2752 1815 2810 tui,
1870 2767 2031 2813 neque
2083 2766 2167 2797 eos
2215 2749 2317 2797 ulla

695 2835 887 2883 ratione
923 2833 1118 2895 placare
1153 2846 1336 2895 posses,
1366 2834 1424 2878 tu
1443 2830 1661 2893 (opinor)
1687 2831 1750 2880 ab
1774 2846 1947 2879 eorum
1971 2829 2129 2877 oculis
2153 2829 2321 2891 aliquo
