2756 3304
210 502 224 587 ἵυῗη
215 480 223 494 ⁴·
217 469 219 471 v
212 436 224 461 ·.ίΑ

137 940 146 950 .

224 1377 227 1384 -
229 1352 236 1357 ,
212 869 240 1334 <fimum-w*
211 591 232 854 wm-2<?·‘²‘²“

462 2787 839 2865 '‘Memfflfssffne
893 2793 973 2842 me
1022 2795 1142 2841 ante
1187 2792 1322 2840 diem
1363 2806 1457 2840 ΧΠ.
1505 2792 1764 2842 Kalendas
1812 2792 2113 2843 Novembris

1052 395 1111 433 m
1143 397 1186 433 1,.
1230 398 1514 433 mmmmm
1547 398 1581 435 1.
2090 386 2122 436 3

505 512 634 573 dam,
662 514 748 562 sed
773 512 836 561 ad
859 512 1246 561 confirmandam
1268 513 1538 561 audaciam.
1601 512 1774 575 Cupio,
1803 517 1968 575 patres
2001 529 2116 562 con-

504 592 696 654 scripti„
718 609 797 641 me
820 608 923 641 esse
945 592 1272 640 clementem:
1322 592 1467 653 cupio
1501 592 1554 639 in
1588 593 1743 639 tantis
1777 592 1847 639 rei
1882 592 2111 654 publicae

504 671 736 734 periculis
770 687 849 718 me
886 686 987 718 non
1023 670 1322 718 dissolutum
1363 670 1556 727 videri;
1613 671 1726 730 sed*
1744 670 1847 732 jam
1887 687 1965 718 me
2004 671 2111 733 ipse

504 750 713 798 inertiae
736 749 1088 812 nequitiaeque
1111 748 1400 796 condemno.
1472 749 1515 796 5.
1559 748 1732 796 Castra
1754 752 1871 795 sunt
1896 749 1947 795 in
1966 747 2116 796 Italia

504 832 677 876 contra
698 827 934 888 populum
953 828 1238 875 Romanum
1260 828 1312 875 in
1331 828 1564 874 Etruriae
1582 828 1808 875 faucibus
1830 828 2113 876 conlocata:

503 905 679 954 crescit
705 905 758 951 in
789 905 895 953 dies
928 906 1148 967 singulos
1182 906 1402 953 hostium
1436 921 1708 964 numerus3
1744 921 1916 954 eorum
1945 912 2116 954 autem

504 988 779 1032 castrorum
812 983 1160 1045 imperatorem
1184 984 1459 1045 ducemque
1494 983 1715 1031 hostium
1750 982 1882 1031 intra
1916 984 2114 1032 moenia

503 1066 654 1124 atque
676 1061 800 1108 adeo
818 1061 871 1108 in
893 1066 1070 1109 senatu
1094 1061 1335 1121 videmus,
1364 1061 1654 1109 intestinam
1677 1061 1897 1123 aliquam
1931 1062 2116 1110 cotidie

505 1139 775 1202 perniciem
808 1139 880 1186 rei
913 1139 1140 1202 publicae
1173 1139 1476 1187 m·›lientem.
1551 1138 1604 1187 Si
1637 1143 1689 1188 te
1722 1139 1839 1201 jam,
1881 1139 2111 1201 Catilina,

504 1216 873 1279 comprehendi,
913 1218 953 1265 si
988 1217 1202 1264 interfici
1245 1216 1455 1278 jussere,
1497 1217 1660 1276 credo,
1703 1217 1800 1265 erit
1840 1218 2120 1266 verendum

499 1295 623 1342 mihi
658 1311 721 1343 ne
754 1311 857 1342 non
890 1295 983 1343 hoc
1020 1295 1186 1357 potius
1222 1311 1394 1342 omnes
1426 1295 1545 1342 boni
1579 1297 1741 1343 serius
1773 1312 1803 1343 a
1835 1311 1931 1357 me,
1966 1311 2119 1358 quam

498 1374 760 1436 quisquam
794 1374 1045 1421 crudelius
1080 1374 1270 1421 factum
1303 1389 1409 1422 esse
1443 1373 1589 1422 dicat.
1664 1373 1860 1422 Verum
1883 1390 1974 1435 ego
1997 1374 2106 1434 hoc,

498 1452 632 1514 quod
669 1452 772 1513 jam
813 1452 1006 1513 pridem
1045 1452 1236 1499 factum
1271 1468 1378 1500 esse
1418 1453 1653 1514 oportuit,
1695 1456 1832 1500 certa
1867 1453 1930 1500 de
1964 1469 2112 1503 causa

498 1532 721 1578 nondum
758 1531 976 1578 adducor
1018 1535 1072 1578 ut
1110 1532 1299 1580 faciam.
1374 1532 1501 1588 Tum
1536 1531 1754 1595 denique
1789 1532 2103 1590 interficiere,

498 1626 608 1657 cum
633 1610 737 1672 jam
757 1626 902 1657 nemo
918 1614 1021 1656 tam
1044 1609 1316 1670 improbus,
1334 1613 1437 1656 tam
1453 1609 1692 1671 perditus,
1715 1614 1818 1657 tam
1834 1611 1909 1657 tui
1934 1606 2111 1657 similis

441 1750 444 1754 ,
497 1688 712 1735 inveniri
735 1688 935 1748 poterit,
969 1687 1057 1748 qui
1080 1687 1132 1734 id
1156 1703 1258 1734 non
1280 1688 1394 1749 J'ure
1418 1688 1605 1734 factum
1621 1704 1728 1736 esse
1752 1688 1986 1736 fateatur.
2058 1690 2102 1736 6.

497 1767 656 1826 Quam
690 1767 776 1814 diu
810 1766 1076 1830 quisquam
1099 1766 1194 1814 erit
1218 1767 1304 1828 qui
1338 1771 1389 1813 te
1415 1766 1685 1814 defendere
1708 1767 1907 1826 audeat,
1939 1767 2076 1816 vives
2096 1781 2111 1828 3

496 1851 547 1894 et
579 1847 716 1894 vives
749 1846 821 1893 ita
856 1850 911 1893 ut
944 1846 1085 1904 vivis,
1116 1846 1287 1893 multis
1312 1846 1435 1893 meis
1470 1850 1521 1894 et
1553 1846 1709 1893 firmis
1742 1846 2004 1907 praesidiis
2025 1863 2109 1907 op-

495 1940 710 1987 pressus,
749 1941 814 1973 ne
853 1940 1163 1972 commovere
1202 1929 1254 1971 te
1292 1929 1465 1972 contra
1502 1940 1609 1972 rem
1643 1925 1895 1986 publicam
1932 1927 2103 1987 possis.

494 2003 774 2066 Multorum
806 2007 859 2050 te
892 2003 1043 2050 etiam
1066 2001 1196 2050 oculi
1233 1989 1283 2049 et
1317 2018 1462 2050 aures
1496 2018 1598 2049 non
1633 2003 1955 2063 sentientem,
1984 2005 2112 2052 sicut

493 2081 656 2129 adhuc
677 2082 919 2140 fecerunt,
947 2081 1339 2143 speculabuntur
1362 2086 1514 2142 atque
1537 2081 1837 2129 custodient.

1254 2159 1350 2207 III.
1400 2198 1428 2211 -

554 2239 759 2288 Etenim
782 2239 906 2302 quid
928 2244 1020 2299 est,
1051 2228 1282 2298 Catilina,
1311 2238 1446 2302 quod
1468 2239 1573 2301 jam
1596 2240 1810 2302 amplius
1834 2245 2106 2302 exspectes,

493 2320 536 2368 si
568 2335 729 2383 neque
761 2334 863 2367 nox
897 2319 1411 2368 tenebris-'obscurare
1435 2314 1605 2366 ceetus
1629 2320 1862 2376 nefarios,
1895 2336 1989 2367 nec
2013 2322 2110 2382 pri-

493 2403 607 2447 vata
628 2400 804 2446 domus
828 2399 1101 2460 parietibus
1119 2399 1378 2448 continere
1400 2395 1542 2446 voces
1561 2399 1923 2460 conjurationis
1949 2397 2112 2463 [tuae]

491 2478 694 2541 potest?
741 2478 784 2525 si
806 2472 1157 2537 inlustrantur,
1186 2478 1229 2525 si
1253 2483 1524 2538 erumpunt
1560 2478 1763 2525 omnia?
1827 2478 1975 2526 Muta
2007 2480 2112 2541 jam

491 2557 638 2606 istam
672 2561 926 2606 mentem:
978 2556 1104 2604 mihi
1137 2557 1300 2615 crede,
1330 2556 1621 2604 obliviscere
1655 2557 1819 2604 caedis
1852 2561 2004 2618 atque
2037 2558 2111 2605 in-

489 2636 794 2685 cendiorum.
840 2635 1044 2704 Teneris
1070 2635 1292 2697 undique
1313 2651 1323 2684 z
1361 2624 1472 2682 luce
1490 2639 1609 2682 sunt
1627 2635 1836 2683 clariora
1857 2636 2001 2684 nobis
2025 2641 2114 2685 tua

490 2712 695 2770 consilia
728 2711 912 2801 qtnnia,
952 2727 1081 2774 quae
1118 2713 1224 2775 jam
1266 2727 1460 2760 mecum
1496 2712 1614 2760 licet
1653 2728 1990 2774 recognoscas.
2064 2713 2110 2767 7.
