2764 3288
1068 381 1128 418 m
1158 382 1201 418 1..
1243 382 1526 420 oAmAM
1558 384 1594 421 1.
2102 373 2133 428 ’1

527 496 835 558 perditorum
869 496 1127 545 hominum
1148 497 1236 560 qui
1269 501 1320 546 te
1351 513 1455 547 non
1488 503 1695 559 metuat,
1731 515 1879 548 nemo
1911 500 2000 563 qui
2034 517 2136 549 non

528 575 704 625 oderit.
775 575 916 635 Quae
952 580 1077 624 nota
1115 576 1415 626 domesticae
1449 578 1782 640 turpitudinis
1822 594 1921 627 non
1970 580 2137 628 inusta

528 654 659 702 vitae
699 657 812 702 tuae
849 654 962 702 est?
1040 653 1185 712 Quod
1222 654 1529 715 privatarum
1571 670 1740 703 rerum
1780 655 1998 705 dedecus
2035 673 2170 734 non·

528 727 700 775 haeret
735 727 785 774 in
824 728 985 774 fama?
1032 743 1160 789 quae
1195 726 1351 775 libido
1390 729 1454 776 ab
1490 729 1661 787 oculis,
1701 728 1838 792 quod
1876 730 2071 778 facinus
2108 747 2138 779 a

528 808 757 856 manibus
779 823 1015 870 umquam
1034 807 1149 868 tuis,
1169 808 1304 869 quod
1323 808 1564 870 flagitium
1589 825 1619 856 a
1637 813 1745 856 toto
1764 825 1968 871 corpore
1983 811 2138 858 afuit?

529 885 621 934 Oui
654 892 713 935 tu
736 886 1126 947 adulescentum,
1153 902 1303 948 quem
1335 887 1731 949 corruptelarum
1767 888 2030 936 inlecebris
2063 890 2136 937 in-

528 965 742 1026 retisses,
791 980 895 1014 non
937 970 1024 1014 aut
1064 965 1128 1013 ad
1155 966 1411 1014 audaciam
1445 968 1635 1014 ferrum
1669 971 1757 1014 aut
1780 966 1842 1014 ad
1876 967 2138 1015 libidinem

528 1044 687 1093 facem
726 1045 1007 1106 praetulisti
1023 1037 1103 1103 ‘if
1130 1047 1213 1093 14.·
1260 1045 1392 1103 Quid
1432 1045 1584 1093 vero?
1635 1060 1795 1107 nuper
1830 1062 1943 1094 cum
1979 1051 2139 1094 morte

529 1124 795 1185 superioris
840 1124 1007 1171 uxoris
1064 1124 1205 1171 novis
1251 1123 1442 1185 nuptiis
1497 1123 1703 1171 domum
1757 1124 2132 1185 vacuefecisses,

529 1218 696 1250 nonne
719 1203 868 1250 etia-m
893 1202 988 1249 alio
1018 1202 1068 1248 in
1088 1201 1301 1249 wadibili
1322 1201 1507 1249 scelere
1536 1201 1629 1249 hoc
1652 1201 1814 1249 scelus
1838 1202 2138 1251 cumulasti?

530 1282 662 1343 quod
696 1297 786 1343 ego
817 1285 1165 1344 praetermitto
1199 1285 1250 1329 et
1283 1280 1428 1328 facile
1461 1280 1625 1342 patior
1664 1280 1816 1340 sileri,
1856 1296 1920 1330 ne
1960 1282 2015 1329 in
2047 1282 2140 1330 hac

223 1360 228 1401 Ι
529 1346 732 1408 civitate
764 1360 896 1408 tanti
928 1360 1162 1408 facinoris
1196 1359 1481 1407 immanitas
1514 1363 1602 1407 aut
1638 1359 1890 1407 exstitisse
1914 1364 2003 1407 aut
2037 1375 2138 1408 non

530 1439 779 1487 vindicata
801 1455 907 1487 esse
932 1439 1176 1487 videatur.
1250 1438 1608 1486 Praetermitto
1632 1438 1803 1485 ruinas
1822 1439 2140 1487 fortunarum

529 1522 744 1576 tuarum,
757 1533 879 1580 quas
897 1518 1058 1564 omnis
1073 1516 1359 1578 impendere
1373 1504 1468 1564 tibi
1485 1517 1723 1579 proximis
1738 1517 1914 1565 Idibus
1932 1519 2131 1566 senties.

530 1597 609 1644 Ad
631 1597 718 1644 illa
741 1597 903 1655 venio,
931 1612 1057 1657 quae
1082 1611 1181 1642 non
1204 1595 1268 1643 ad
1291 1596 1533 1658 privatam
1556 1595 1881 1656 ignominiam
1906 1596 2141 1644 vitiorum

528 1667 745 1735 tuorum,
774 1690 876 1722 non
909 1675 971 1722 ad
1004 1675 1327 1722 domesticam
1358 1680 1499 1722 tuam
1521 1674 1868 1722 difficultatem
1898 1691 1954 1723 ac
1979 1675 2134 1737 turpi-

529 1755 772 1814 tudinem,
800 1754 890 1802 sed
913 1754 975 1801 ad
992 1769 1236 1801 summam
1259 1769 1364 1801 rem
1386 1753 1636 1816 publicam
1659 1757 1810 1812 atque
1833 1752 1898 1801 ad
1916 1754 2141 1802 omnium

54 1836 90 1864 θ
529 1839 757 1882 nostrum
778 1834 934 1881 vitam
956 1833 1270 1894 salutemque
1293 1833 1562 1894 pertinent.
1660 1834 1733 1880 15.
1776 1833 2020 1882 Potestne
2043 1834 2138 1881 tibi

526 1915 646 1962 haec
669 1914 772 1974 lux,
801 1912 1031 1973 Catilina,
1070 1917 1158 1960 aut
1180 1912 1334 1975 hujus
1356 1913 1479 1960 caeli
1505 1913 1711 1975 spiritus
1734 1928 1842 1959 esse
1863 1913 2133 1974 jucundus,

526 2008 639 2041 cum
682 1992 806 2040 scias
841 1992 1021 2039 horum
1060 2007 1166 2039 esse
1209 1991 1464 2039 neminem
1508 1991 1595 2054 qui
1640 1991 1831 2039 nesciat
1880 1994 1931 2040 te
1975 1992 2138 2053 pridie

527 2071 785 2119 Kalendas
806 2070 842 2118 J
844 2071 1075 2118 annarias
1097 2070 1287 2131 Lepido
1312 2074 1361 2117 et
1385 2070 1531 2117 Tullo
1554 2070 1843 2118 consulibus
1866 2070 2064 2118 stetisse
2086 2070 2140 2117 in

527 2152 731 2199 comitio
749 2165 861 2198 cum
879 2149 980 2196 telo
1000 2149 1018 2197 2
1051 2164 1255 2196 manum
1275 2149 1533 2196 consulum
1552 2153 1601 2197 et
1621 2149 1907 2211 principum
1923 2148 2142 2197 civitatis

528 2229 983 2279 interficiendorum
1002 2244 1150 2276 causa
1167 2228 1415 2288 paravisse
1434 2229 1452 2277 2
1486 2228 1659 2276 sceleri
1673 2243 1729 2275 ac
1751 2228 1910 2275 furori
1932 2232 2023 2276 tuo
2040 2243 2141 2276 non

528 2315 749 2359 mentem
770 2305 988 2371 aliquam
1001 2313 1091 2356 aut
1108 2308 1230 2355 timo
1249 2324 1338 2355 *em
1361 2306 1562 2371 [tuum],
1586 2308 1674 2355 sed
1696 2307 1951 2355 fortunam
1970 2308 2141 2369 populi

527 2389 744 2438 Romani
766 2387 1052 2436 obstitisse?
1106 2387 1177 2435 Ac
1198 2386 1304 2449 jam
1325 2387 1411 2435 illa
1432 2388 1841 2448 omitto—neque
1865 2388 2000 2435 enim
2022 2390 2140 2434 sunt

528 2473 614 2517 aut
636 2469 955 2533 obscuraaut
986 2482 1090 2514 non
1105 2467 1272 2514 ,multa
1294 2466 1852 2528 commissa—quotiens
1876 2470 1931 2514 tu
1955 2481 2036 2513 me
2058 2465 2140 2514 de-

528 2549 792 2611 signatum,
820 2546 1054 2609 quotiens
1079 2547 1334 2595 consulem
1359 2546 1639 2596 interficere
1663 2550 1873 2594 conatus
1895 2561 1947 2593 es
1970 2547 1981 2593 1
2016 2549 2140 2608 quot

528 2643 618 2690 ego
660 2617 776 2675 tuas
819 2625 1104 2688 petitiones,
1154 2626 1226 2673 ita
1270 2626 1520 2688 conjectas
1565 2629 1623 2673 ut
1667 2624 1816 2673 vitari
1861 2639 2005 2686 posse
2039 2639 2139 2672 non

528 2698 834 2765 viderentur,
862 2720 1014 2768 parva
1045 2704 1261 2768 quadam
1295 2705 1629 2753 declinatione
1662 2708 1714 2752 et
1750 2703 1826 2760 (ut
1850 2702 2014 2764 aiunt)
2038 2718 2138 2750 cor-

474 2812 479 2815 ·
528 2801 647 2850 pore
669 2785 820 2846 effugi
840 2785 851 2833 !
918 2782 1083 2848 [Nihil
1103 2782 1248 2848 agis,]
1270 2784 1396 2832 nihil
1414 2784 1717 2848 adsequeris,
1736 2781 1886 2847 [nihil
1908 2779 2141 2845 moliris,]
2173 2818 2180 2822 .

210 860 227 997 ..-νῆα-ε..
207 601 221 851 ν-οι-’.φο”-«ο-·-)
203 442 216 585 η’*ῆ
211 415 215 422 -
209 375 216 402 a<
210 339 214 361 -
208 291 213 316 --
