2772 3368
704 406 762 455 12
1208 420 1212 424 ’
1411 418 1613 454 eicERO.

702 533 795 580 tibi
837 548 893 581 ac
932 532 1034 580 tuis
1078 532 1310 580 omnibus
1353 532 1548 580 confido
1594 531 1917 592 perniciosam
1962 548 2018 579 ac
2057 533 2308 581 funestam

701 611 935 670 futuram,
967 610 1045 657 cui
1070 609 1203 656 domi
1238 613 1353 657 tuae
1388 610 1655 657 sacrarium
1689 610 1930 658 scelerum
1965 614 2169 657 tuorum
2193 627 2308 658 con-

701 689 933 735 stitutum
967 688 1079 747 fuit,
1109 688 1259 734 sciam
1284 703 1389 735 esse
1414 688 1773 747 praemissam?
1836 689 1911 735 Tu
1939 692 1992 734 ut
2025 688 2112 736 illa
2136 704 2306 736 carere

701 767 888 813 diutius
909 765 1079 826 possis,
1109 781 1258 827 quam
1281 766 1508 813 venerari
1530 765 1594 812 ad
1617 766 1816 813 caedem
1839 766 2154 827 proficiscens
2178 766 2303 813 sole-

699 843 799 903 bas,
839 861 866 890 a
899 845 1042 905 cujus
1076 843 1314 890 altaribus
1349 859 1494 904 saepe
1528 843 1674 891 istam
1709 843 1911 905 impiam
1948 844 2207 892 dexteram
2241 844 2306 891 ad

698 937 870 969 necem
894 921 1076 969 civium
1100 920 1437 968 transtulisti?

1464 1061 1529 1111 X.

758 1156 831 1203 25.
872 1155 976 1202 Ibis
1001 1156 1205 1203 tandem
1228 1155 1512 1217 aliquando,
1541 1150 1639 1219 quo
1661 1161 1713 1205 te
1748 1157 1848 1218 J'am
1873 1156 2068 1216 pridem
2093 1157 2189 1204 ista
2213 1160 2302 1203 tua

696 1234 939 1294 cupiditas
964 1235 1202 1282 effrenata
1224 1250 1278 1280 ac
1311 1234 1497 1281 furiosa
1533 1236 1769 1294 rapiebat.
1844 1235 2022 1296 Neque
2047 1235 2181 1282 enim
2205 1234 2301 1281 tibi

695 1311 814 1357 haec
837 1326 912 1357 res
935 1311 1098 1358 adfert
1122 1311 1360 1368 dolorem,
1382 1312 1468 1358 sed
1488 1314 1739 1373 quandam
1765 1312 2109 1359 incredibilem
2128 1312 2301 1372 volup-

694 1392 859 1436 tatem.
932 1388 1013 1435 Ad
1047 1388 1175 1435 hanc
1208 1392 1258 1435 te
1291 1389 1563 1435 amentiam
1597 1395 1776 1436 natura
1810 1389 2021 1450 peperit,
2062 1388 2298 1435 voluntas

693 1467 928 1526 exercuit,
983 1467 1190 1533 [ortuna
1234 1466 1462 1514 servavit.
1570 1467 1857 1529 Numquam
1904 1471 1958 1513 tu
2005 1482 2108 1514 non
2153 1466 2302 1513 modo

693 1545 866 1604 otium,
904 1545 991 1592 sed
1025 1561 1087 1591 ne
1120 1533 1322 1594 bellum*
1344 1544 1547 1605 quidem
1583 1546 1677 1592 nisi
1713 1545 1959 1592 nefarium
1996 1544 2293 1605 concupisti.

692 1624 741 1669 N
742 1628 915 1672 anctus
939 1640 991 1672 es
1026 1640 1086 1671 ex
1109 1623 1318 1685 perditis
1353 1626 1503 1685 atque
1527 1623 1589 1669 ab
1612 1625 1749 1670 omni
1782 1640 1884 1671 non
1920 1623 2070 1670 modo
2094 1624 2302 1671 fortuna

691 1689 1025 1748 verumetiam
1052 1718 1136 1762 spe
1162 1700 1413 1747 derelictis
1431 1701 1695 1769 conflatam
1714 1702 2054 1762 improborum
2074 1717 2289 1748 manum.

690 1780 769 1827 26.
805 1779 902 1825 Hic
926 1783 983 1826 tu
1007 1794 1104 1840 qua
1138 1778 1329 1825 laetitia
1364 1773 1654 1838 perfrucre!
1704 1780 1886 1841 quibus
1920 1780 2113 1839 gaudiis
2137 1780 2298 1826 exsul-

689 1858 848 1904 tabis!
915 1861 1103 1919 quanta
1143 1856 1196 1902 in
1235 1857 1493 1917 voluptate
1538 1852 1857 1917 bacchabere,
1909 1873 2021 1904 cum
2066 1858 2118 1904 in
2153 1861 2298 1905 tanto

688 1953 894 1984 numero
929 1942 1130 1983 tuorum
1167 1951 1330 1996 neque
1366 1936 1539 1983 audies
1574 1937 1736 1984 virum
1769 1937 1959 1983 bonum
1994 1953 2297 1999 quemquam

688 2031 849 2077 neque
873 2015 1064 2061 videbis
1086 2016 1095 2062 ἒ
1154 2014 1234 2060 Ad
1256 2014 1409 2075 hujus
1427 2015 1561 2061 vitae
1585 2016 1806 2062 studium
1830 2015 2060 2062 meditati
2083 2015 2155 2062 illi
2178 2019 2297 2062 sunt

686 2094 772 2156 qui
806 2095 1040 2140 feruntur
1063 2093 1256 2140 labores
1278 2094 1604 2155 tui,—-jacere
1627 2094 1768 2140 humi
1792 2110 1893 2140 non
1918 2094 2079 2140 solum
2113 2094 2175 2141 ad
2211 2094 2294 2141 ob-

685 2172 949 2219 sidendum
985 2175 1230 2231 stuprum,
1259 2186 1435 2217 verum
1470 2171 1621 2218 etiam
1654 2171 1719 2218 ad
1753 2171 1946 2218 facinus
1970 2171 2293 2229 obeundum;

683 2251 885 2311 vigilare.
912 2266 1013 2297 non
1038 2250 1198 2296 solum
1234 2249 1558 2296 insidiantem
1581 2266 1756 2319 son-Luc
1780 2250 2091 2309 maritorum,
2119 2265 2294 2298 verum

682 2330 832 2377 etiam
865 2329 1010 2375 bonis
1034 2328 1319 2375 otiosorum.
1396 2327 1569 2375 Habes
1602 2328 1689 2374 ubi
1724 2331 1945 2375 ostentes
1980 2330 2121 2376 tuam
2154 2327 2293 2375 illam

680 2409 982 2470 praeclaram
1015 2407 1311 2469 patientiam
1335 2407 1497 2467 famis,
1527 2407 1739 2467 frigoris,
1769 2407 1965 2468 inopiae
1998 2423 2167 2455 rerum
2191 2423 2291 2454 om-

679 2488 836 2546 nium,
874 2485 1057 2549 quibus
1093 2489 1143 2532 te
1180 2484 1321 2532 brevi
1357 2488 1581 2545 tempore
1619 2486 1903 2540 confectum
1943 2501 2050 2532 esse
2082 2485 2283 2532 senties.

678 2565 751 2615 27.
793 2566 1010 2612 Tantum
1044 2563 1232 2625 profeci
1265 2567 1390 2620 tum,
1419 2579 1534 2610 cum
1567 2567 1669 2611 tea
1692 2563 1953 2610 consulatu
1990 2563 2202 2624 reppuli,
2235 2568 2292 2612 ut

677 2644 816 2691 exsul
852 2643 1017 2704 potius
1040 2644 1286 2702 temptare
1310 2657 1460 2703 quam
1484 2641 1654 2688 consul
1683 2657 1863 2688 vexare
1898 2657 2000 2688 rem
2037 2641 2288 2702 publicam

675 2738 856 2784 posses,
897 2726 1047 2782 atque
1087 2724 1145 2767 ut
1184 2720 1236 2766 id
1269 2719 1404 2779 quod
1438 2723 1516 2767 est
1553 2735 1581 2767 a
1616 2723 1668 2766 te
1709 2720 1945 2767 scelerate
1980 2704 2283 2782 susceptum,

673 2801 988 2853 latrocinium
1011 2799 1177 2865 potius
1200 2815 1350 2864 quam
1376 2798 1563 2847 bellum
1588 2799 1949 2848 nominaretur.
